2324 3930
230 158 236 195 ¹
269 168 522 239 Pururrarcn
544 168 742 239 Octava.
864 172 947 261 3187

60 276 148 336 chum
161 273 193 335 in
205 273 382 335 Aventinum
395 274 531 351 persecuti
544 273 627 336 sunt?
645 292 705 355 quo
717 276 746 335 in
758 276 858 353 proelio
871 277 984 337 Len-r.
996 296 1104 341 cmvii.

58 352 132 413 tulus
143 369 229 429 grave
241 350 341 411 vulnus
351 354 476 428 accepit:
495 352 657 413 interfedus
669 352 708 411 est
724 364 749 401 ¹⁵
762 354 948 413 Gracchus&

57 428 104 489 M.
116 428 230 489 Fulvius
243 444 257 487 a
268 428 432 498 confidatis,
452 430 567 507 ejusque
582 430 639 490 duo
653 428 850 491 adolescentuli
864 428 921 489 srlii.
955 458 972 509 q
995 442 1112 495 consua-

98 506 139 565 V.
157 506 240 565 Iirr
259 523 409 565 norrun
430 505 482 563 viri
495 506 682 583 vituperandi.
707 525 767 567 non
783 509 858 566 enim
871 507 947 566 cives
955 522 993 557 ree
1003 512 1059 567 alii.

58 599 163 643 omnes
174 583 263 642 salvos
274 581 330 641 esse
344 582 504 643 voluerunt.
533 584 580 643 Ad
594 586 725 661 propiora
738 586 893 644 veniamus.
911 584 989 647 (λῖς

55 660 169 729 Mario,
190 660 226 719 L.
241 658 357 720 Valerio
376 660 548 732 consulibus,
561 662 669 721 l'crratus
680 661 882 738 rempublicam
897 659 948 720 de·

53 734 232 797 seudendam
247 733 336 794 dedit:
358 736 708 808 L.Saturninus,tribunus
718 736 947 813 plebis,Glaucia

53 824 162 889 praetor
182 812 220 870 est
240 812 409 873 intersedut.
427 831 528 873 ornnes
546 816 594 875 illo
616 815 660 875 die
684 814 801 883 Scauri,
820 813 946 883 Metelli,

56 888 306 959 Claudii,Catuli,
322 890 475 961 Scaevolae,
491 892 576 950 Crasli
589 910 667 951 arma
679 894 858 967 sumpserunt.
875 908 948 949 num

55 977 107 1025 aut
119 966 247 1025 consules
259 966 337 1036 illos,
357 978 405 1026 aut
418 968 577 1027 clariffimos
589 970 666 1029 viros
686 968 883 1046 vituperandos
896 984 950 1043 pu·

56 1041 120 1101 tat?
134 1042 198 1118 Ego
212 1042 361 1101 Catilinam
374 1046 465 1119 perire
479 1046 566 1102 volui.
584 1064 654 1103 num
667 1056 697 1103 tu
707 1047 772 1123 ,qui
786 1063 887 1105 omnes
898 1043 949 1103 sal·

55 1134 111 1179 vor
124 1120 180 1188 vis,
189 1119 339 1177 Catilinam
352 1119 457 1177 salvum
469 1119 523 1179 esse
536 1119 666 1179 uuluilli?
675 1122 744 1179 l-loc
757 1122 882 1191 interest,
891 1121 948 1179 Ca·

61 1194 144 1265 lene,
163 1196 235 1254 inter
248 1213 344 1253 meam
359 1194 522 1255 sententiam
537 1198 567 1255 &
580 1209 673 1255 tuam:
694 1214 749 1273 ego
762 1197 831 1256 nolo
845 1215 948 1273 quem-

56 1287 145 1348 quam
166 1274 260 1331 civem
281 1274 476 1341 committere,
496 1284 528 1331 ut
548 1286 641 1333 morte
660 1274 820 1332 multandus
830 1273 876 1332 sit:
897 1287 966 1343 tu‚r
982 1288 1009 1322 ac
1028 1269 1103 1321 secari

60 1347 147 1408 etiarn
158 1347 179 1406 fi
192 1349 380 1419 commiserit,
400 1349 621 1410 conservandum
635 1361 724 1426 putas.
742 1351 774 1409 ln
790 1368 909 1426 corpore
925 1350 944 1407 li
954 1336 1022 1400 quod
1035 1352 1084 1384 ¹¹⁰·

57 1424 130 1503 quid
150 1424 290 1501 ejusmodi
310 1425 371 1495 eli,
399 1426 478 1502 quod
499 1427 608 1505 reliquo
629 1428 741 1505 corpori
762 1438 882 1496 noceat,
903 1427 946 1483 uri
955 1413 1007 1449 “²¹⁸
1019 1412 1072 1463 ¹²²¹·

57 1518 72 1549 τ
82 1500 224 1578 secarique
238 1502 606 1578 parimur3ut1membrum
622 1504 736 1581 aliquod
754 1504 846 1579 potius
859 1468 1086 1581 quam‘sd‘fflsss‘&

58 1588 155 1637 totum
168 1596 268 1654 corpus
281 1579 412 1638 intereat:
432 1578 469 1637 src
480 1580 510 1637 in
524 1580 682 1655 reipublicae
701 1598 838 1655 corpore,
857 1594 889 1641 ut
902 1592 1087 1655 to-artipnem·

57 1666 121 1715 tum
134 1653 241 1713 salvum
255 1654 301 1725 srt,
323 1656 459 1732 quidquid
472 1656 510 1713 est
522 1658 681 1733 pelliferum
700 1670 869 1731 amputetur.
954 1655 1066 1705 urorum.

100 1730 180 1790 Dura
192 1749 260 1791 vox.
280 1733 375 1791 Multo
387 1733 432 1791 illa
446 1731 555 1793 durior:
571 1732 643 1793 Salvi
658 1732 709 1791 sint
722 1732 947 1807 improbi,scele·
959 1718 992 1777 ¹⁶

60 1808 127 1877 rati,
149 1808 250 1883 impii:
271 1808 413 1867 deleantur
432 1811 620 1877 innocentes,
640 1808 764 1879 honesti,
784 1809 868 1875 boni,
888 1822 948 1866 tota

59 1884 225 1960 respublica.
262 1887 331 1943 Uno
350 1888 380 1943 in
397 1886 533 1956 homine,
553 1890 592 1963 Q.
605 1886 683 1956 Fufi,
703 1888 794 1945 fateor
812 1897 841 1943 te
853 1882 949 1943 vidisse

58 1962 121 2040 plus
140 1960 227 2038 quam
243 1979 299 2019 me.
318 1962 380 2037 Ego
398 1962 431 2020 l'.
444 1961 579 2021 Clodium
601 1963 748 2021 arbitrabar
760 1960 948 2038 perniciosum

60 2040 179 2107 civem,
199 2037 384 2106 sceleratum,
402 2037 603 2110 libidinosum,
623 2040 744 2115 impium
759 2080 769 2107 ‚
795 2039 947 2106 audacem,

62 2130 74 2165 t
88 2114 288 2173 facinerosum:
309 2130 340 2172 tu
354 2112 452 2173 contra
472 2113 612 2184 laudium,
633 2132 649 2161 v
661 2127 886 2190 temperantem,
907 2117 968 2171 in-t
983 2123 1101 2175 artifici·

64 2202 244 2260 nocentem,
273 2190 456 2259 modestum,
484 2192 662 2250 retinendum
684 2192 776 2250 civem
797 2193 827 2249 &
848 2186 1083 2266 optan-norosum·

64 2268 145 2327 dum.
163 2268 193 2325 in
204 2268 261 2326 hoc
276 2285 335 2326 uno
347 2279 375 2325 te
389 2266 540 2343 plurimum
553 2267 665 2337 vidisse,
686 2285 703 2315 ¹
716 2268 835 2326 multum
846 2285 893 2325 me
907 2266 971 2324 erl
987 2263 1110 2315 “ml’ffl·

62 2343 134 2404 rasse
153 2344 292 2403 concedo.
329 2345 406 2403 Nam
419 2362 434 2404 r
446 2344 524 2422 quod
545 2363 592 2404 me
610 2359 706 2404 tecum
719 2343 852 2403 iracunde
866 2360 948 2419 agere
956 2328 1012 2428 ἓξὲξ
1020 2318 1070 2366 '¹¹⁸'

63 2419 154 2481 dixisti
166 2420 269 2493 solere,
288 2439 349 2482 non
363 2421 401 2481 est
414 2422 461 2482 ita.
478 2421 664 2482 vehementer
677 2439 725 2513 inp
738 2438 820 2497 agere
840 2423 972 2490 sareon,
989 2455 1029 2490 m,
1041 2438 1101 2488 stul·

896 2499 948 2555 ira-
957 2519 1010 2554 tum
1022 2505 1102 2551 tamt.

956 2585 972 2634 y
989 2573 1055 2615 Grut.
1068 2582 1111 2611 neu

61 2663 63 2669 ’
97 2668 109 2701 t
114 2669 135 2710 5.
153 2659 262 2703 Gracchus
273 2654 299 2704 sa
311 2656 346 2702 M.
354 2654 449 2703 Fulvius
459 2656 596 2713 consularia]
614 2654 735 2713 romularis
745 2652 797 2701 fine
808 2650 883 2699 dubio
894 2666 947 2698 cor·
957 2634 1018 2681 ΜΨ
1030 2626 1109 2692 qm·

65 2716 197 2781 algendum
208 2719 241 2767 est
252 2715 308 2765 :etsi
320 2732 409 2764 omnes
421 2718 478 2767 libri
489 2731 576 2767 contra
586 2716 691 2766 saciant:
701 2715 822 2780 srquidem
834 2720 865 2764 C.
873 2718 951 2763 Grac·

65 2782 127 2829 chus
139 2783 290 2830 Tribunitius
303 2780 444 2830 interfectus
457 2784 504 2839 est,
520 2795 546 2831 ut
558 2795 647 2830 onmes
660 2780 769 2828 historici
781 2790 889 2827 narrant.
908 2780 948 2827 Μ.

64 2845 164 2893 Tullius
175 2847 201 2893 in
215 2852 271 2895 Cat.
289 2846 418 2899 Interfeclus
428 2846 456 2903 est
465 2860 550 2911 propter
560 2849 666 2910 quasdam
675 2846 808 2903 seditionum
821 2844 952 2906 suspiciones

70 2916 93 2958 C.
110 2912 235 2963 Gracchus,
254 2907 367 2968 clarrffima
378 2922 439 2970 patre
451 2925 528 2966 nutus,
545 2912 611 2966 avis,
628 2909 762 2971 majoribus:
780 2908 857 2966 ureifies
868 2905 895 2963 est
905 2922 954 2951 cum

66 2976 143 3020 sileris
157 2978 190 3023 M.
203 2975 300 3019 Fulvius
309 2974 433 3029 consularis.
450 2978 482 3020 Et
494 2973 615 3037 quoniam
626 2970 656 3019 de
669 2975 706 3020 M.
720 2970 808 3017 Fulvio
827 2968 951 3017 consulari

71 3034 185 3099 agimus,
204 3037 289 3082 locum
302 3034 375 3081 illum
386 3035 458 3083 valde
468 3035 628 3101 depravatum
645 3034 810 3097 corrigamus,
828 3032 870 3096 qui
881 3031 915 3078 eil
926 3032 954 3079 in

71 3116 140 3148 1111.
159 3100 272 3147 oratione
284 3111 371 3144 contra
383 3100 540 3148 Catilinam:
563 3108 614 3148 cum
625 3103 665 3145 avi
672 3100 732 3158 juffie
745 3098 788 3156 Cofi
803 3096 953 3153 interfusum,

64 3165 185 3226 filiumque
196 3168 242 3225 ejus
254 3167 283 3209 im
299 3164 495 3226 uberemdr'gutum
506 3181 521 3210 u
533 3168 570 3211 Pr.
584 3163 671 3223 mrffium
683 3165 708 3206 iu
720 3175 823 3207 carcerem
839 3160 957 3206 necandum

72 3228 110 3286 effe
122 3229 192 3274 dixit.
210 3230 266 3289 Ego
278 3176 310 3272 fic
317 3259 325 3281 ,
335 3227 408 3284 ,cujus
420 3228 527 3287 avijuffu
536 3228 667 3284 cerasusarem
679 3224 831 3283 interscissam,
838 3222 958 3286 filiumque

70 3293 117 3343 ejus
130 3293 273 3352 impuberem,
290 3292 383 3351 legatum
394 3288 408 3334 ri
417 3303 479 3351 putre
490 3291 592 3351 mrffum,
604 3292 628 3333 in
639 3303 720 3334 carcere
731 3301 828 3332 necatum
840 3288 877 3346 effe
888 3288 959 3333 rsr'xr't.

72 3353 174 3401 consule
188 3351 514 3409 Velleium&l‘lutarclrum.
527 3349 657 3400 discesseris
671 3350 696 3396 irr
709 3348 855 3396 sententiam
866 3362 959 3396 meam.

70 3419 207 3466 Lentulum
221 3430 317 3471 autem,
334 3417 470 3480 principem
481 3417 555 3463 illum
568 3413 766 3469 serratus,avum
777 3408 846 3461 futile
859 3410 959 3459 Lentuli

75 3484 137 3533 Sura
150 3482 219 3533 Dion
233 3482 361 3533 memoriae
374 3480 458 3533 tradit.
476 3484 567 3529 ferrar.

456 3588 517 3640 th
533 3601 579 3641 rra
596 3600 673 3640 rara
858 3588 977 3633 nouae-
