2324 3930
201 118 287 187 33¹²
426 141 434 151 ἢ
528 86 780 158 ΟιΑτιο

206 184 399 253 nuitAlbami
416 184 480 253 hae‘c
490 188 520 251 se
532 189 569 250 ad
582 188 723 253 Caesarem
736 185 874 253 contulit}
890 186 966 251 han}
984 180 1099 257 lm

155 294 158 299 ·
201 280 303 347 quarta
310 268 387 348 legio
399 284 496 346 parem
507 266 617 329 virtutis
627 268 747 347 gloriam
760 266 910 332 consecuta
923 266 969 327 est.
987 268 1098 345 Quarta

147 356 150 363 '
203 345 305 407 vibtix
317 346 454 409 defiderat
464 346 627 407 neminem:
641 364 677 407 ex
689 347 793 408 Martia
805 344 1099 423 nonnuliinipsavi·
1131 374 1133 381 ·

204 420 294 485 &otia
308 424 501 487 conciderunt.
520 421 540 483 ὀ
554 422 698 485 fortunata
711 442 803 496 mors,
822 440 889 502 quae
900 432 1012 497 paturae
1021 421 1100 496 debis

205 509 254 573 ta,
292 520 325 563 ro
337 503 425 580 patria
438 498 660 578 estpotr'ffimum
674 501 797 563 reddita!
1119 524 1131 543 ··

167 593 204 657 pa
248 520 311 640 Vbs
322 581 392 641 verb
405 579 503 657 patriae
516 590 597 639 natos
603 578 720 655 judico;
741 594 865 658 quorum
885 577 971 639 etiam
989 592 1098 637 nomeu

210 654 335 717 &Marte
355 656 408 717 est:
427 668 460 715 ut
479 654 557 715 idem
578 655 646 715 deus
664 657 763 716 urbem
783 656 858 717 hanc
877 654 1029 731 gentibus,
1049 671 1097 713 vot

51 749 118 820 gest
128 750 174 799 atet
208 731 277 793 huic
287 735 348 794 urbi
377 730 481 794 enuilie
492 730 629 793 videatur.
660 733 695 793 ln
707 734 773 811 suga
787 728 863 793 foeda
877 749 955 791 mors
967 747 982 791 a
996 730 1052 791 est:
1071 732 1097 791 in

52 814 189 887 muham·
211 806 329 871 viatoria
347 752 474 888 §oriola
491 809 597 870 etenim
619 811 697 870 Mars
714 809 771 887 ipse
793 827 829 869 ex
847 810 907 867 acie
918 809 1097 895 fortiffimum

212 904 356 966 quemque
366 886 504 966 pignerari
515 884 592 945 solet
610 885 653 949 llli
663 886 747 963 igitur
756 886 851 963 impii,
870 901 943 962 quos
955 884 1099 955 cecidilbs,

215 964 303 1025 etiam
322 966 359 1025 ad
377 967 483 1023 inferos
501 979 599 1040 poenas
614 962 756 1039 ‚parricidii
766 962 859 1023 luent:
878 980 931 1021 vos
944 961 1034 1033 verb,
1053 964 1096 1040 qui
1123 1030 1126 1035 ,

214 1051 374 1101 extremum
386 1039 511 1117 spiritum
523 1039 554 1099 iu
566 1039 683 1099 vistoria
696 1038 842 1108 effudistis,
860 1039 974 1114 piomm
988 1040 1052 1099 estis
1062 1040 1097 1099 se-

153 1168 156 1173 .
214 1115 283 1176 dem
303 1119 334 1178 &
352 1117 453 1178 locum
473 1114 625 1178 consecuti.
645 1129 675 1169 ³⁷
688 1114 784 1177 Btevis
795 1115 812 1176 a
824 1126 922 1175 natura
942 1114 1027 1175 nobis
1045 1119 1096 1177 rita

52 1191 188 1261 Mla*
217 1191 281 1253 data
301 1193 360 1255 est:
393 1206 422 1254 at
439 1193 580 1253 memoria
599 1194 671 1253 bene
697 1192 815 1254 redditae
838 1192 905 1252 vitae
923 1192 982 1251 sem
1004 1192 1097 1255 iterna.

56 1257 117 1332 ‘²5¹¹‘
127 1256 185 1321 8¹⁰·
216 1287 282 1348 quae
295 1271 316 1333 li
329 1289 390 1333 uon
403 1268 470 1331 effet
480 1270 592 1358 lougiot
630 1270 698 1329 uam
711 1269 775 1329 haec
791 1270 866 1337 vita;
885 1269 947 1346 quis
960 1211 1031 1331 eget
1042 1282 1096 1331 tam

55 1332 188 1433 affl
219 1364 341 1420 amens,
375 1349 424 1425 qui
443 1347 574 1406 maximis
591 1344 617 1406 la
657 1345 731 1405 ribus
749 1348 780 1405 ἃ
799 1345 926 1424 periculis
940 1349 957 1393 h
971 1347 1010 1408 ad
1028 1349 1097 1410 sum·
1133 1386 1136 1393 ·

57 1449 134 1501 MSS.
219 1440 297 1487 mam
309 1422 422 1484 laudem
436 1422 611 1499 gloriamque
623 1420 828 1483 contenderet?

58 1506 61 1511 ’
172 1525 207 1588 33
259 1500 366 1561 Aecum
376 1500 460 1577 igitur
471 1497 602 1575 praeclare
622 1498 768 1558 vobiscum
784 1542 793 1570 ,
812 1499 951 1560 fortiflimi
970 1498 1042 1563 dum
1060 1503 1099 1562 vi.
1133 1518 1137 1565 g

213 1578 308 1648 xistis,
334 1593 411 1636 nunc
430 1573 501 1635 verb
521 1575 608 1633 etiam
620 1573 781 1635 sanfflffimi
802 1574 926 1647 milites,
952 1577 1034 1653 qubd
1053 1596 1099 1639 ve.

213 1654 267 1718 llra
283 1655 371 1716 virtut
395 1670 450 1715 nec
477 1651 507 1704 ³⁸
526 1649 671 1713 oblivione
696 1668 821 1727 eorum,
846 1653 896 1731 qui
920 1671 1000 1714 nunc
1024 1655 1097 1726 sunt,

1003 1743 1034 1787 ³⁹
1048 1750 1098 1794 nee
1130 1752 1134 1763 ·

248 1891 291 1933 art
304 1876 465 1924 Brevirautem
477 1872 538 1919 nolis
552 1872 605 1921 ve'tae
618 1872 673 1921 data
688 1870 743 1933 effi]
764 1870 803 1921 sie
815 1884 853 1922 ιν.
869 1870 927 1921 libri
943 1866 1056 1931 vereret,
1072 1874 1097 1923 ir

215 1940 286 2008 queis
295 1942 375 2003 Lang.
394 1936 473 1983 Brevis
482 1952 498 1982 a
505 1948 588 1985 natm
596 1939 649 1985 vira
658 1936 719 1983 vobis
729 1936 830 1995 maest:
841 1934 1099 2001 quodtamenrejieio.

213 2002 300 2065 rejicio
310 2012 394 2050 autem
405 1996 505 2048 obeam
516 1997 625 2056 eausam,
642 1996 711 2065 qubd
720 1997 851 2065 insequens
860 1998 1014 2059 membrum,
1032 2000 1098 2069 quod

160 2062 163 2067 ⁴
233 2066 283 2115 aria
316 2063 396 2125 aribus
411 2058 455 2111 res
465 2061 557 2112 ondere
573 2061 660 2119 debet,
676 2075 793 2111 mancum
809 2061 920 2128 quodam
930 2064 1050 2115 modone
1068 2072 1096 2114 ue
1138 2104 1141 2129 :

211 2144 250 2179 rm
320 2129 386 2177 &um
397 2077 526 2177 videbitur.
543 2140 603 2176 nam
612 2128 720 2175 memoria
730 2124 761 2174 ad
772 2129 996 2191 memmimus
1009 2129 1042 2179 ad
1050 2080 1098 2180 2η·
1138 2132 1141 2145 “

212 2211 279 2251 ven,
296 2194 382 2241 reddita
397 2188 429 2239 ad
443 2191 511 2237 data:
527 2206 542 2237 a
559 2204 652 2247 natura,
668 2188 712 2238 suo
728 2202 850 2255 tanquam
865 2192 919 2256 pari
934 2191 1049 2255 carebit:
1064 2193 1096 2243 fie
1139 2194 1141 2201 '

213 2256 283 2306 enim
294 2252 354 2304 effer
365 2254 503 2319 integrum,
514 2259 554 2300 ,Ae
564 2271 579 2300 a
592 2257 675 2303 Senatu
684 2258 789 2303 memoria
797 2256 847 2303 bene
855 2256 944 2303 reddita
954 2259 1008 2304 viu
1016 2258 1097 2322 scrupi*

210 2333 283 2369 tana.
300 2319 340 2367 vel
351 2317 412 2383 quid
423 2315 555 2377 ejusmodi.
571 2321 660 2367 Ferrar.
678 2320 757 2365 Brevis
768 2332 841 2367 autem
851 2322 913 2367 vobis
922 2322 974 2366 vita
984 2322 1040 2368 data
1049 2320 1097 2383 affl]

212 2386 270 2432 Nos
285 2381 358 2429 illam
375 2381 452 2429 aliam
468 2380 604 2429 teutonem
619 2381 700 2446 magis
718 2380 864 2444 probamus,
880 2396 933 2446 que
950 2381 978 2430 in
996 2384 1094 2451 aliquot

211 2445 323 2509 antiquis
333 2443 402 2492 libris
412 2443 460 2499 est,
476 2447 556 2491 Brevis
564 2461 579 2490 a
590 2459 670 2494 natura
681 2446 734 2491 vita
744 2446 805 2493 vobis
818 2449 871 2494 dau
887 2447 930 2505 est3
946 2454 993 2495 nec
1009 2462 1059 2497 tros
1067 2446 1095 2499 id
1136 2408 1141 2531 Ι

212 2520 298 2558 movet
310 2506 377 2573 quod
388 2519 461 2555 tanto
472 2520 547 2570 opere
558 2506 664 2557 offendit
673 2509 824 2565 Ferrarium,
839 2508 908 2573 quod
918 2508 959 2557 hie
969 2510 1041 2575 paria
1053 2526 1096 2577 pa·
1138 2534 1141 2545 ·

212 2570 279 2623 ribus
296 2569 512 2626 nonreddantur,
529 2581 555 2618 ut
572 2569 632 2621 ficut
647 2571 675 2620 in
691 2572 773 2636 priore
789 2572 903 2622 membro
920 2571 997 2630 dicit,
1016 2576 1095 2627 vitam
1138 2612 1141 2639 :

212 2633 313 2687 brevem
326 2650 340 2685 a
351 2648 437 2684 natura
447 2632 546 2692 datam,
561 2635 589 2683 in
600 2634 717 2685 inferiore
727 2650 779 2684 non
798 2635 878 2694 dieat,
894 2636 980 2687 datam
995 2652 1096 2688 memo·
1138 2660 1141 2673 =

212 2701 278 2751 riam
288 2697 462 2764 sempiternam
473 2702 595 2749 asenatu.
613 2714 672 2749 nam
689 2702 716 2748 in
732 2698 846 2750 inferiori
861 2702 975 2749 membro
993 2716 1047 2751 non
1059 2702 1094 2752 est
1135 2702 1138 2711 '

211 2762 405 2815 subaudiendum
416 2767 468 2811 data
477 2763 520 2823 est,
538 2762 583 2810 sed
595 2763 773 2813 tantummodo
783 2764 826 2821 cll,
842 2777 868 2813 ut
878 2761 923 2821 fit,
938 2762 1021 2814 brevis
1036 2768 1096 2878 qui·

211 2826 272 2877 dem
288 2842 303 2875 a
318 2840 405 2877 natura
419 2827 472 2876 vita
486 2825 558 2875 nobis
575 2826 609 2876 est
626 2826 698 2876 data't
715 2826 756 2875 sed
772 2827 896 2877 memoria
910 2826 975 2878 bene
990 2828 1035 2878 red
1053 2830 1093 2879 itae

212 2891 270 2941 vita
285 2889 433 2954 sempiterna
449 2890 491 2938 est.
508 2902 534 2938 ut
552 2905 610 2939 vero
623 2891 686 2939 mihi
698 2888 810 2955 impressa
825 2888 968 2956 displiceat,
982 2893 1093 2957 primum

211 2952 274 3005 facit
283 2954 361 3003 dietio
372 2970 459 3011 auom,
475 2952 511 3003 ibi
521 2953 601 3018 polita
611 2954 662 3004 line
673 2956 754 3020 gratia
763 2956 789 3004 bt
806 2952 858 3003 line
873 2956 967 3020 lepore.
983 2971 1031 3022 pro
1044 2971 1093 3023 qua

157 3059 164 3068 .
211 3018 296 3131 potius
307 3016 390 3067 debuit
408 3014 456 3066 elle
467 3032 516 3066 vox
526 3022 628 3082 quidem.-
640 3017 729 3067 deinde
740 3033 841 3067 comma
852 3016 963 3068 detinens
974 3020 1003 3069 ln
1011 3019 1094 3071 hemi·

234 3081 318 3131 iehiou
334 3082 476 3138 heroicum,
492 3085 615 3130 vobisvira
625 3084 725 3143 data-est.
747 3083 863 3132 Fa‘e'rrr‘ua.
896 3087 975 3130 Brevis
986 3102 1001 3131 a
1012 3099 1094 3135 natura

211 3149 298 3205 nolin]
315 3146 353 3195 sie
373 3147 421 3195 Pal.
435 3145 481 3195 see.
492 3141 616 3211 habetque
629 3145 694 3195 illud
708 3148 767 3194 noim
782 3146 859 3195 etiam
876 3159 932 3196 tert.
951 3159 976 3195 at
987 3165 1002 3194 a
1012 3162 1095 3199 numa

211 3221 318 3274 quatuor
327 3209 471 3260 Ferrariani.
487 3209 602 3274 vulgata,
616 3213 773 3259 brevitatem
783 3212 845 3259 vobis
856 3211 902 3262 irc.
920 3213 992 3260 Grut.

244 3282 283 3328 38.
301 3275 417 3322 oblivione
426 3290 514 3330 eorm,
523 3275 648 3338 quisunt]
664 3277 714 3337 Qt‘
723 3292 778 3321 nune
784 3275 837 3334 stant
853 3288 877 3322 o.
890 3274 909 3325 l.
920 3288 944 3324 v.
961 3288 1096 3342 utrumque

211 3336 319 3386 omnino
330 3337 457 3400 probabile
473 3339 498 3386 bt
511 3335 566 3385 huie
578 3334 690 3402 scriptori
706 3337 829 3388 ufitatum.
846 3337 900 3402 poll
915 3337 980 3386 Red.
992 3337 1026 3389 ad
1038 3344 1096 3393 sen.

211 3408 250 3451 (aa.
262 3404 375 3464 Pompejus
385 3405 425 3450 vir
436 3404 546 3459 omnium,
561 3403 673 3467 quisunt,
684 3403 792 3463 fuerunt,
807 3416 884 3459 mna,
899 3404 984 3450 vitem
990 3409 1099 3469 princeps.

212 3463 241 3518 δι
250 3478 297 3534 rto
307 3467 375 3534 nege
384 3468 459 3538 un.
472 3472 522 3539 Nn
538 3469 600 3542 ortt
614 3483 689 3542 ‘run
701 3468 829 3542 tentor·
844 3468 886 3537 rai
900 3468 1100 3545 mosmale

1019 3546 1094 3603 We
