2324 3930
199 152 374 229 ,fflq,‘
501 144 773 216 'Onarro

206 264 361 326 numquam
375 247 453 310 illum
468 246 592 309 futurum
605 249 634 306 in
647 247 756 308 senariis
772 243 923 324 potestate,
941 244 1087 310 refellendi

54 338 71 371 n
88 321 113 372 δι
125 318 174 375 sen.
210 328 267 383 mei
280 327 372 397 cauli,
392 339 424 387 ut
437 344 492 403 ego
504 326 573 386 nihil
584 322 679 384 vidisse
695 323 805 394 videar,
821 323 963 394 vertatse,
982 341 999 373 n
1011 326 1089 386 sena·

52 389 136 461 Mlm‘·
148 392 175 442 θ
199 402 252 458 tui
269 417 371 477 pareat.
389 419 544 480 numquam
566 401 669 480 faciet:
696 416 756 460 non
773 399 910 487 inridebit
927 399 994 460 huic
1012 418 1087 461 aneae

52 452 105 498 ‘'¹'‘
211 475 330 550 gloriae:
352 480 460 549 malet,
480 495 528 536 me
541 477 693 553 sapientem
712 475 728 535 i
748 475 828 536 vobis
847 476 933 553 quim
947 477 974 535 se
988 477 1088 537 mode-

169 565 204 608 10
212 553 282 612 llum
295 553 450 614 existimari.
467 551 566 632 Quid?
586 553 641 629 ipse
654 552 674 610 ii
695 551 777 622 velit,
797 566 867 611 num
888 554 973 611 etiam
988 553 1023 613 L.
1033 555 1088 614 ita·

210 640 282 689 tram
294 631 430 707 paliurum
444 628 626 690 arbitramur?
646 646 734 704 nuper
746 628 860 705 quidem
875 627 975 687 dicitur
984 628 1020 689 ad
1032 629 1087 690 'ri-

210 704 277 776 bur,
298 720 329 764 ut
340 709 458 784 opinor,
478 705 542 766 cum
560 705 587 762 ei
605 704 695 764 labate
714 705 759 764 M.
772 703 913 764 Antonius
929 704 1086 777 videretur,

209 796 334 841 mortem
347 785 422 843 fratri
436 781 491 841 effe
506 781 657 841 minitatus.
676 781 807 840 Etiamne
814 778 910 840 abhoc
918 780 1088 847 mirmillone

209 856 334 917 Afiatico
353 859 460 919 senatus
478 858 625 927 mandata,
643 857 799 932 legatorum
813 856 904 916 'verba
923 855 1089 918 audientur?

209 949 263 991 nec
278 936 352 993 enim
364 935 469 993 secerni
480 937 496 992 a
508 936 592 993 fratre
603 934 721 1011 poterit,
739 934 975 1009 tantapraeiertim
989 935 1091 994 audio·

208 1010 297 1069 ritate.
315 1027 381 1068 narn
395 1011 441 1069 hic
453 1011 525 1068 inter
544 1009 611 1068 illos
625 1009 773 1068 Africanus
787 1008 824 1067 est
838 1030 845 1068 ι
871 1009 953 1084 plun's
963 1007 1088 1071 babetur

208 1085 295 1162 quam
316 1089 352 1145 L.
371 1085 527 1145 Trebellius
540 1085 680 1161 ,.⁹.pluris
696 1085 783 1162 quim
803 1086 843 1143 T.
861 1085 1000 1156 Plancus,
1020 1086 1089 1146 ado·

207 1160 311 1222 lescens
328 1164 445 1222 nobilis:
473 1165 522 1239 qui
542 1162 671 1220 omnibus
690 1162 829 1220 sententiis
849 1163 975 1219 matimo
995 1163 1086 1223 vestro

206 1235 300 1311 plausu
320 1240 539 1307 condemnatus,
563 1249 590 1277 ⁸0
602 1238 695 1297 nescio
714 1235 864 1316 quomodo
881 1237 909 1295 se
921 1237 1045 1311 conjecit
1056 1239 1086 1300 in

207 1315 334 1386 turbam,
353 1329 437 1391 atque
454 1317 493 1372 ita
511 1313 620 1372 maestus
639 1315 736 1384 rediit,
755 1328 786 1373 ut
806 1313 950 1382 tetradius,
968 1331 1030 1374 non
1041 1333 1088 1375 re·

207 1389 299 1448 versus
318 1391 481 1455 videretur:
502 1390 539 1447 fic
559 1393 731 1459 contemnit,
750 1404 895 1467 tamquam
913 1389 934 1447 fi
952 1389 991 1448 illi
1010 1390 1083 1468 aqua

83 1466 125 1515 “P-
139 1468 166 1516 B.
208 1464 239 1522 &
257 1467 314 1538 igni
333 1465 511 1553 interdictum
530 1465 571 1552 sit,
589 1466 737 1552 aliquando
757 1478 839 1553 negat
862 1467 889 1524 ei
911 1464 1008 1526 locum
1028 1465 1084 1528 effe

162 1614 194 1656 Π
205 1542 901 1694 0ρὲύῖῗὲθ’ἰξεῖὲῖῗῗιῖηιᾟύῗεςῖἒὲεὲἰῑ]ἰὲιίιὲᾟεηῐ
918 1629 996 1689 tum,
1017 1617 1083 1682 curn

202 1691 249 1750 ille
261 1693 360 1752 tabulis
371 1695 453 1754 novis
465 1693 667 1753 adversabatur:
684 1696 745 1771 jam
758 1697 811 1753 fert
832 1697 863 1753 in
883 1695 988 1765 oculis,
1007 1697 1086 1774 poll·

186 1785 290 1848 ,quant
310 1770 398 1846 ipsum
420 1769 593 1831 Trebellium
609 1770 679 1831 vidit
700 1770 757 1831 fine
776 1770 872 1829 tabulis
884 1771 1083 1910 notissalvqrfn

985 1878 989 1883 <
1027 1866 1044 1910 e
1066 1868 1084 1911 e

223 1984 255 2026 .9·
273 1971 348 2018 Pluris
358 1967 427 2080 quim
436 1971 462 2018 T.
475 1971 604 2031 Plancina]
620 1967 675 2018 sine
687 1964 852 2019 controuersia
863 1968 1015 2021 scribendum
1030 1971 1080 2031 est,

200 2033 227 2080 T.
241 2035 340 2082 Plancus.
376 2034 399 2081 ic
415 2034 482 2081 enim
498 2033 532 2081 est
549 2038 580 2080 T.
594 2035 721 2082 Munatius
732 2037 834 2097 Plancus
852 2035 942 2092 Bursa,
959 2034 1078 2086 fratcrL.

200 2095 310 2142 Munatii
320 2096 404 2144 Planci
415 2097 533 2152 oratoris,
550 2098 593 2160 qui
602 2096 752 2161 temporibus
769 2098 916 2146 Milonianis
934 2099 973 2146 tel
989 2101 1082 2149 acerri-

200 2169 270 2205 mum
287 2155 311 2206 se
327 2160 455 2208 Ciceronis
472 2174 488 2206 o
506 2171 669 2222 pugnatorem
686 2159 831 2224 praebuerat,
847 2161 1034 2226 maximamque
1049 2164 1079 2214 in

200 2232 271 2276 eum,
287 2225 356 2286 quod
365 2235 437 2270 tanto
448 2174 663 2271 (sodomitanam
674 2223 954 2280 defenderet,invidiam
966 2226 1080 2275 concita·

198 2295 389 2350 terat;quoque
395 2284 526 2348 instigante
532 2286 624 2333 curiam
634 2288 739 2351 populus
748 2286 897 2336 incenderat.
914 2287 1082 2350 postea‚con·

199 2356 237 2392 tra
254 2361 314 2410 opes
331 2362 359 2396 ac
376 2349 515 2412 potentiam
531 2350 642 2412 Pompeii
658 2350 851 2407 condemnatus,
868 2348 986 2400 aeasase
1003 2355 1079 2404 initio

102 2448 120 2459 ,
197 2404 257 2455 belli
273 2410 352 2459 civilis
368 2412 394 2459 in
411 2412 533 2474 integrum
549 2410 671 2460 restiturus
687 2413 729 2461 est.
751 2418 839 2461 ferrar.
872 2417 948 2462 Pluris
961 2417 1031 2479 quain
1047 2423 1077 2469 T.

195 2475 289 2519 Plancus
298 2475 416 2533 adulescens
427 2477 518 2531 nabilis,
534 2479 575 2538 qui
585 2477 825 2536 omnibussintentir's.]
842 2482 899 2526 Hac
929 2491 986 2528 uam
998 2480 1078 2538 subje-

196 2533 274 2581 cimus
286 2536 388 2600 antiqua
400 2536 514 2600 scriptura
525 2535 649 2597 est,plara's
658 2538 726 2600 qaaim
737 2543 897 2595 siasrlancias.
910 2493 1077 2592 deindenon·

196 2598 272 2646 nullia
283 2599 508 2664 interpontis,quae
521 2601 647 2663 partimin
659 2601 732 2650 litura
743 2599 812 2659 sunt,
829 2605 918 2668 partim
931 2605 1076 2656 transversis

193 2660 267 2708 lineis
284 2661 381 2719 deleta,
397 2680 446 2710 sum
456 2666 560 2712 exiluerit
569 2667 688 2726 adulescens
699 2669 777 2713 nabilis
794 2671 911 2724 Plancum,
923 2673 963 2733 qui
974 2674 1075 2721 omnibus

186 2726 311 2783 sententiis.
327 2740 375 2775 nos
390 2725 440 2775 hac
454 2726 491 2776 ita
506 2728 626 2790 legimus,
642 2731 718 2776 Pluris
733 2727 802 2792 quim
819 2736 845 2780 T.
864 2734 965 2779 Plancius
978 2765 991 2793 ,Ι
1002 2738 1075 2796 quam

192 2791 285 2836 Exitius
295 2793 414 2850 adulafiens
424 2792 504 2837 nobilis
516 2795 678 2856 Plancum‚qui
689 2796 787 2840 amnibus
800 2794 913 2851 sententiis
924 2801 1075 2850 maximeivs-

185 2851 232 2909 stra
241 2853 320 2912 plausu
330 2857 480 2901 condemnatas
490 2856 535 2905 &a
548 2855 580 2910 fic
589 2858 703 2903 contemnit
709 2857 754 2906 (aa.
773 2856 804 2903 de
816 2857 898 2904 anisio
909 2858 985 2906 etiam
996 2859 1073 2911 infra

147 2948 150 2953 -
190 2917 294 2961 Faernus.
313 2919 426 2970 Plancum,
437 2920 479 2979 qua'
488 2918 817 2977 omnibusfsententt‘s's]Aberat
825 2923 849 2968 ἃ
859 2919 916 2968 hin'c
928 2922 1012 2970 Planci
1023 2937 1074 2972 no·

189 2990 263 3025 men:
281 2991 331 3041 quo
349 2991 433 3027 tamen
451 2977 562 3029 detrabm
579 2977 700 3029 sententia
710 2982 826 3046 explicari
839 2998 891 3030 non
903 2985 989 3047 potest.
1012 2991 1071 3034 Ma·

34 3038 41 3047 “
113 3096 117 3103 Ι
188 3055 254 3091 retus.
272 3042 350 3105 Qdm
363 3047 389 3092 T.
401 3046 506 3100 Plancus,
522 3046 638 3104 adolescens
653 3048 747 3093 nabilis:
763 3051 805 3109 qui
816 3049 876 3104 dau]
893 3048 977 3096 Editio
994 3052 1074 3100 Lami

189 3101 241 3153 bini
252 3105 370 3168 amplius,
388 3109 491 3163 Plancus,
508 3107 576 3170 quim
593 3111 695 3165 Exitius,
712 3111 826 3168 adolescens
842 3112 933 3167 nabilis,
950 3115 1071 3172 Plancum,

177 3171 230 3229 qai
239 3171 285 3220 dac.
302 3169 370 3233 quod
380 3182 464 3218 tamen
475 3183 527 3218 non
539 3169 616 3217 exstat
627 3171 654 3217 in
665 3170 753 3220 nostris
765 3183 805 3220 aut
816 3174 971 3222 Manuriana.
999 3179 1068 3226 Grac.

187 3232 362 3289 eonjeaauram
378 3233 467 3281 fairni
479 3247 530 3281 non
541 3233 610 3297 potui
620 3247 676 3281 cum
687 3233 809 3283 Lambino
815 3235 929 3346 ¹probare.
948 3236 988 3286 sed
1000 3243 1072 3288 Plan·

185 3311 247 3350 anm,
256 3295 323 3357 quod
333 3295 411 3344 exstat
424 3295 523 3360 liquidb
534 3296 560 3344 in
572 3296 771 3352 Vaticano,cum
781 3300 806 3346 &
825 3301 937 3348 ensentia
949 3301 1013 3349 hanc
1025 3318 1072 3353 vo-

184 3371 239 3407 cem
250 3359 370 3420 requirat,
388 3359 480 3411 restitui
493 3373 550 3415 cum
559 3361 671 3416 Fae'rno,
688 3365 789 3410 Murato
801 3363 826 3410 &
840 3364 973 3413 Lambino.
992 3371 1068 3418 Grau.

127 3440 133 3453 ¹
218 3435 254 3475 to,
272 3422 344 3478 Nescio
360 3426 461 3484 quomado
475 3425 500 3483 se
514 3427 602 3483 conjecit
620 3426 644 3470 in
660 3426 779 3480 turbam}
789 3427 892 3482 Veneti,
909 3432 932 3474 in
944 3428 1025 3478 urbem.
1044 3433 1071 3482 δι

183 3497 230 3534 uec
240 3481 272 3535 fic
284 3494 370 3536 tamen
381 3485 483 3551 quidem
494 3485 638 3538 emendatus
649 3486 720 3539 locus
729 3484 835 3543 uidetur.
853 3497 962 3542 cassans.
1044 3557 1057 3604 i
1072 3542 1074 3546 ,

469 3591 472 3597 ,
966 3567 1003 3608 u.
1020 3559 1070 3606 'Ut'
