2324 3930
269 118 529 189 Pnrrrnrrcn
547 118 732 189 Tnnnrn.
859 138 941 205 3105

54 222 114 296 est,
131 221 261 301 Dignus?
278 242 345 286 nam
359 226 444 287 etiam
458 226 534 286 malo
549 226 625 303 digni
634 225 732 296 nuti,
745 222 814 285 ficut
821 224 885 303 ipse.
904 240 941 284 an
970 257 973 263 ·

54 318 143 377 quam
156 303 225 361 facit
235 302 281 372 ia,
291 303 340 389 qui
351 312 419 363 'tum
433 303 567 377 dignitate
579 300 635 363 est?
654 318 720 379 quae
737 314 831 361 autem
847 300 940 433 potest
1012 330 1017 339 ·

54 374 113 436 effe
126 375 240 453 major?
276 380 325 437 und
344 377 382 438 est
401 381 500 455 porro,
520 378 623 441 Facere
641 376 849 464 contumeliam·
879 378 941 465 quin

53 451 93 513 fic
106 451 249 531 loquitur?
299 455 459 515 eindechc
470 456 547 514 rimor
555 499 564 526 ,
572 476 648 537 qum
660 454 798 513 &nuntiat
810 453 938 521 ιἰιιιιιιιιιι.

52 529 138 604 Quid
150 547 167 578 n
178 530 265 607 ergo?
278 531 319 607 'ab
338 534 433 591 amico
451 533 538 591 timor
555 532 711 592 denuntiari
728 526 817 589 solet?
836 528 966 605 homme
978 534 1096 609 cneigen

52 604 155 665 nmilia
174 606 312 682 deinceps.
350 608 457 667 Nonne
474 607 555 669 satius
574 608 612 668 est
632 620 744 667 mutum
764 602 817 664 effe
857 598 999 675 u'am,‘²¹·'·

53 682 136 758 quod
151 699 239 741 nemo
259 682 414 761 intelligat,
432 683 545 745 dcere?
565 684 719 755 ⁰En,.cur
737 699 783 755 rna
804 682 809 693 '
833 698 863 742 er
881 662 1066 779 ejusssffi,

53 774 91 817 er
111 770 224 819 oratore
244 772 336 819 arator
355 760 443 821 fastus
455 760 488 821 lit
501 781 510 819 a
538 760 671 838 poffideat
689 760 719 819 in
740 776 807 835 agro
827 756 937 834 publico
948 784 1036 833 ,m
1045 788 1098 836 ,pp

53 835 154 911 populi
166 836 291 895 Romani
303 838 396 914 campi
409 837 544 898 Leontini
556 836 614 897 duo
635 834 720 905 oridia
738 836 865 911 iugerum
884 834 941 893 im·
948 847 995 896 nia
1005 852 1058 898 rra.

54 911 206 979 muniant
217 911 367 971 hominem
381 912 493 977 stultum
506 914 593 989 magis
605 915 691 979 etiarn
701 912 939 993 infatuetmetce3
949 915 1006 977 hu·

54 982 224 1063 de-publita.
242 987 298 1050 Sed
308 987 371 1051 haec
380 988 486 1051 leviora
497 986 617 1055 fortaffe.
871 1060 904 1127 m
923 989 1100 1129 d⁰²¹¹¹'¹¹¹·

36 1254 40 1261 .
55 1216 177 1290 recensuit
188 1219 308 1271 Hadriani
319 1221 474 1281 cardinalis,
490 1220 599 1279 Erasmi,
614 1218 665 1287 Iul,
678 1220 807 1287 scaligeri,
823 1222 942 1271 Camere·

56 1294 104 1337 rra,
120 1284 244 1342 Turnebi,
260 1285 348 1341 Rami,
364 1289 468 1343 Mureti,
484 1285 617 1343 luricati,
634 1285 744 1342 Strebaei,
761 1282 939 1350 Gifnnii,scip.

59 1344 186 1403 Gentiiie,
202 1346 310 1405 schotti,
327 1349 447 1414 scioppii,
465 1348 575 1399 salmasii
597 1345 628 1397 de
646 1348 692 1397 iiio
714 1350 772 1397 loco
792 1348 941 1404 sententiar,

58 1402 130 1455 snam
143 1405 244 1470 subjicit.
266 1414 366 1474 Dignum
376 1426 434 1461 meo
446 1412 537 1471 iudicio
548 1412 612 1469 dixit
623 1413 760 1468 Antonius,
778 1413 821 1476 qui
832 1414 881 1467 iure
897 1424 945 1475 po·

55 1468 108 1518 test
120 1472 147 1521 δι
161 1471 241 1523 debet.
258 1476 407 1539 Exemplum
417 1477 451 1525 cii
462 1476 488 1525 in
499 1491 545 1532 eo,
561 1476 604 1541 qni
632 1472 763 1525 orestatem
772 1472 845 1525 habet
856 1476 883 1523 in
897 1474 945 1525 ari-

57 1546 153 1606 anum,
169 1538 247 1585 autin
258 1551 304 1594 co,
321 1540 363 1603 qui
380 1538 502 1588 laceffitua
517 1537 604 1603 respon
622 1551 660 1596 ct,
677 1540 717 1588 vel
736 1553 822 1603 graves
838 1538 946 1587 inimici·
974 1556 978 1563 ·
1059 1590 1062 1603 Ι

56 1607 112 1645 rrae
128 1598 285 1666 persequitur.
318 1607 397 1651 Herus
409 1617 485 1667 quum
496 1604 645 1652 Davumvei
658 1600 946 1651 Geramvocatiurcife·
986 1622 990 1629 ·

59 1674 119 1711 rum
130 1674 171 1711 aut
183 1664 336 1730 mastigiam,
352 1666 447 1715 nullam
460 1667 482 1716 ei
494 1664 671 1714 contumeliam
682 1662 765 1713 infert.
786 1665 824 1713 Sic
835 1664 879 1713 ilie
889 1664 945 1713 rhe-

58 1734 116 1771 tor:
136 1730 280 1789 inpudicitia
296 1733 320 1777 in
335 1733 423 1793 ingenue
438 1733 519 1778 crt'men
535 1730 577 1791 est,
595 1732 619 1775 in
630 1730 695 1789 servo
712 1727 828 1789 neceffitar,
844 1730 867 1774 in
878 1730 945 1776 liam

60 1785 166 1847 officinm.
200 1788 287 1854 Dignus
302 1786 442 1857 igitur'boc
459 1789 513 1842 casu
528 1792 600 1847 talia,
616 1790 660 1855 qni
671 1790 722 1847 iure
733 1792 758 1840 δι
769 1791 860 1838 merito
870 1788 944 1849 facit,

60 1849 109 1923 gui
118 1851 245 1903 excusatur
254 1854 328 1911 facit,
346 1854 389 1920 qui
399 1854 451 1904 {ine
461 1857 533 1921 culpa
544 1854 618 1910 facit,
635 1854 680 1918 qui
689 1853 761 1902 debet
772 1852 812 1902 seu
823 1853 886 1911 inre,
904 1856 945 1905 itu

58 1914 187 1973 arritatru,
203 1916 243 1967 seu
262 1917 294 1966 ob
311 1932 394 1967 mores
408 1916 463 1967 suot
480 1932 571 1976 notos,
587 1917 628 1965 seu
644 1930 789 1982 quacunque
803 1915 834 1965 de
851 1914 944 1967 cauffo:
975 1920 980 1951 ἲ

60 1988 142 2041 quern
152 1978 222 2028 decet
234 1980 341 2044 licetque
353 1979 447 2038 facere,
457 1982 531 2046 -quod
543 1981 561 2035 ii
574 1980 605 2028 ab
616 1980 667 2029 aiio
678 1980 716 2029 vei
726 1981 753 2029 in
769 1979 846 2029 alium
861 1979 946 2039 ficret,
991 2004 1011 2027 .-

59 2040 156 2089 rnerito
167 2057 212 2107 pro
224 2044 376 2093 contumelia
387 2044 522 2096 haberetur.
540 2045 579 2093 Sic
589 2040 653 2109 apud
665 2046 781 2093 Senecam
799 2043 879 2093 de'ira
893 2058 946 2095 ιιι.

60 2110 103 2151 11.
121 2108 209 2169 Dignus
218 2120 265 2155 erne
275 2110 376 2165 Marius,
393 2112 435 2173 qui
444 2110 486 2157 iiia
495 2120 617 2172 parerent,
633 2109 712 2163 Sarra,
728 2107 878 2171 qnijnbcrca,¹
887 2110 949 2155 care·

59 2166 173 2230 dinaei
180 2171 277 2231 faceret:
289 2173 328 2230 sed
339 2174 429 2237 indigna
439 2174 555 2235 respublica
562 2187 619 2236 ‚qru
630 2173 655 2218 in
664 2182 737 2231 corpus
746 2171 808 2225 suum
818 2170 845 2220 dr
856 2170 949 2229 hostium

60 2229 93 2281 θ’
104 2234 220 2280 vindicum
226 2235 311 2296 gladios
321 2237 429 2299 reciperet.
460 2233 575 2291 nebebat,
587 2233 636 2282 hoc
654 2234 721 2287 Sulla
729 2229 810 2281 facere
820 2230 853 2293 ob
864 2232 950 2301 crude·

60 2292 117 2342 lem
133 2295 259 2353 animum,
275 2297 387 2349 catilina
402 2296 435 2345 ob
451 2295 539 2347 scelera
556 2296 615 2346 sua:
632 2295 733 2345 decebat
750 2294 798 2343 hoc
815 2309 858 2343 eos
872 2308 948 2361 opun.

62 2358 149 2407 Valet.
167 2360 293 2409 Maximus
307 2361 352 2412 lib.
366 2376 405 2410 rx.
423 2375 476 2426 cap.
492 2377 528 2411 rr.
546 2359 576 2409 de
594 2361 674 2410 Atilio
690 2360 806 2423 Regulo,
823 2373 876 2409 cum
896 2363 947 2421 ejus

61 2421 186 2469 eruciatus
201 2420 349 2481 enarraffet,
365 2420 478 2482 subiicit:
494 2426 606 2472 Tormenti
617 2439 684 2487 genus
694 2425 754 2470 haud
770 2424 859 2485 dignum
874 2427 948 2497 passe,

62 2486 189 2533 sudoribus
197 2486 348 2549 dignaffinmm.
365 2488 525 2553 Frequentius
536 2485 651 2552 indignus
662 2486 689 2534 in
698 2486 745 2534 hac
754 2482 949 2550 significatione,

48 2548 96 2597 a&
104 2547 199 2611 praeivit
210 2550 339 2598 Terentius
350 2549 377 2598 in
387 2551 519 2599 Eunucho:
537 2552 565 2599 Si
574 2568 609 2615 ego
620 2552 685 2623 dignm
700 2554 738 2597 hnc
755 2553 886 2597 contumelia
899 2553 950 2609 sum

62 2614 178 2669 maxime,
193 2625 216 2660 ar
227 2626 251 2660 tu
263 2616 377 2676 indignus,
392 2617 524 2677 quis-aceres
534 2629 613 2662 tamen.
631 2616 655 2661 St
667 2626 715 2675 ego
726 2611 773 2660 hoc
786 2612 897 2661 merebar
907 2628 952 2676 pa-

61 2672 100 2731 ri,
117 2684 228 2722 attamen
245 2688 273 2724 tu
289 2691 341 2724 non
360 2674 465 2725 debebas
482 2675 576 2733 facere,
593 2690 645 2724 non
663 2674 824 2724 conveniebat
842 2674 950 2739 personae

63 2747 122 2786 ruz.
140 2737 178 2785 Sic
189 2738 263 2803 igitur
273 2740 307 2787 ait
319 2740 459 2789 Antonius:
475 2745 512 2789 Ea
522 2754 575 2787 non
585 2738 619 2787 est
632 2739 797 2793 contumelia,
805 2750 879 2802 quam
890 2734 952 2786 facit

62 2798 93 2848 di
112 2814 170 2857 nus,
187 2803 231 2866 qui
241 2800 273 2850 fic
284 2800 390 2861 faceret,
401 2817 415 2851 a
427 2818 479 2868 quo
491 2798 554 2852 nihil
565 2799 631 2849 aliud
642 2812 694 2849 erat
705 2799 898 2863 amandum,
908 2802 952 2865 qui

64 2860 84 2911 d
130 2864 152 2912 it
162 2862 251 2915 facere.
268 2864 324 2913 vide
334 2865 368 2914 ibi
378 2866 456 2931 plura.
470 2866 535 2915 Hinc
546 2866 641 2929 optime
651 2861 769 2926 quadrat,
786 2862 854 2927 quod
869 2858 953 2927 sequi·
1035 2882 1043 2893 ·

63 2936 121 2974 mre
136 2944 204 2991 mque
213 2931 294 2984 timor,
309 2945 373 2993 quem
383 2933 495 2979 denunciat
506 2931 618 2976 inimicus.
649 2927 712 3037 Oxeia
728 2938 817 3000 nempe
834 2927 883 2984 jam
895 2938 954 2976 anre

64 2988 131 3038 nihii
142 2989 189 3038 nist
199 2989 338 3040 timendum
348 2989 379 3049 ab
391 3006 422 3039 eo
433 2992 574 3058 expectavi,
590 2988 608 3039 fi
620 2990 662 3053 qui
680 3002 719 3036 em
731 2986 805 3051 sapui.
827 2990 952 3055 Quicquid

63 3050 141 3127 ipim:
151 3053 298 3112 denunciet,
314 3068 366 3104 non
376 3052 440 3105 mihi
448 3068 542 3104 novum
552 3054 670 3103 timonem
679 3050 773 3107 iniicit,
789 3049 830 3099 sed
841 3066 882 3101 me
893 3064 951 3101 cau·

63 3126 157 3166 erotem
168 3115 256 3168 reddit.
273 3117 374 3167 Etenim
386 3121 438 3176 ira,
454 3136 499 3183 qu
509 3122 672 3180 tegiruwrocer.
691 3115 788 3174 Profeffa
794 3117 888 3178 perdunt
898 3117 950 3162 odia

64 3183 168 3229 vimina
179 3183 264 3239 Ioum,
274 3192 300 3229 ut
310 3179 344 3229 est
355 3179 418 3245 apud
429 3187 554 3231 senecam.
576 3182 693 3228 Cetenun
705 3176 794 3226 Cicero
807 3176 870 3225 nihii
882 3176 949 3237 aliud

64 3243 223 3309 reprehendit
233 3244 260 3292 in
270 3242 309 3293 iris
320 3241 399 3293 verbis
411 3243 487 3309 quim
497 3243 664 3292 insolentiam.
688 3247 771 3307 Atque
777 3254 837 3309 'eam
849 3240 900 3296 iure
911 3256 950 3290 re·

62 3305 186 3371 prehendi
197 3307 265 3372 quod
275 3308 363 3356 certius
375 3319 547 3382 argumentum
553 3306 607 3373 est,
642 3306 699 3353 nam
710 3300 778 3369 quod
793 3305 820 3352 in
836 3304 888 3352 illis
906 3318 950 3353 ex-

10 3412 14 3417 .
62 3369 190 3434 plicandie
204 3382 245 3419 tot
260 3370 373 3436 tantique
390 3372 436 3421 vrri
452 3369 527 3427 dubio
544 3370 610 3416 iuccc
631 3383 646 3415 u
662 3367 832 3419 elaborarunt?
850 3366 911 3441 Vide
922 3370 949 3418 δι

63 3447 118 3500 qut
128 3433 262 3502 sequuntur
271 3434 306 3487 ibi
317 3433 381 3502 apud
390 3432 415 3500 J
427 3437 466 3483 Fr.
479 3432 643 3481 Gronovium.
661 3434 771 3483 Gravius.

407 3521 503 3573 dimna
519 3531 610 3572 mmm
625 3529 716 3567 mmm
872 3532 911 3573 ις.
929 3520 957 3565 L.
