2324 3930
143 159 394 226 Pntrrrrren
416 158 792 241 Quanrnnncrnn.
833 170 915 247 3307

36 285 89 350 que
107 267 253 337 nostrsm,
271 267 301 325 dc
320 264 446 326 maxime
466 265 519 342 qui-
532 263 590 323 hoc
608 263 676 323 loco
687 263 835 324 sententias
849 265 918 324 dici-

36 362 112 416 mus,
129 345 293 404 sciscitantur
306 354 516 411 omnes,avent
528 340 638 412 audire,
647 339 715 417 quid
726 342 843 418 quisque
856 343 918 400 sen·
949 406 952 413 ,

36 421 104 484 serit.
120 423 159 481 ita
172 419 206 480 de
219 434 410 498 unoquoque,
429 429 460 478 ut
473 434 617 500 quemque
637 418 769 477 meritum
789 418 918 477 arbitran-
928 435 1079 487 necuit.

36 509 95 567 tur,
114 496 276 556 existimant.

73 572 215 632 Memoris
226 583 341 641 tenent,
361 587 409 629 me
423 572 578 631 antediem
592 586 606 618 e
618 587 703 630 xtrt.
720 568 858 630 Kalendas
868 567 915 642 Ja-
923 593 961 635 20

36 651 143 711 nonnas
155 651 310 726 principem
324 647 493 707 revocandae
510 649 642 707 libertatis
660 645 754 706 fuisse:
777 658 803 695 ²³
819 664 941 709 meere
956 668 1012 708 xiv,
1025 655 1080 708 alit.

36 726 166 786 Kalendis
177 725 313 799 Januariis
323 725 358 783 ad
369 725 442 782 hanc
451 723 553 783 horam
567 721 739 801 finvigilasse
751 725 916 800 reipuhhcae.
928 736 944 787 f
955 735 1067 806 vigilasse

36 820 134 863 rocam
148 801 268 860 domum
282 817 415 878 measque
428 817 507 859 aures
526 799 585 859 dies
599 844 609 872 ,
629 799 771 871 enodes,
784 801 915 860 omnium
930 806 982 853 alii.

36 878 181 956 praeceptis
194 877 361 955 monitisque
372 875 499 953 patuisse:
515 879 585 936 meis
595 878 704 947 litteris,
722 880 792 936 meis
804 879 917 947 nuntiis,
931 880 947 931 s
961 866 1084 945 ἒῑῠθᾶΰ

38 955 140 1013 hmeis
158 953 396 1013 cohortationibus
416 969 518 1012 omnes
533 995 543 1023 ,
561 955 612 1030 qui
632 953 735 1030 ubique
754 953 864 1025 essent,
883 954 919 1013 ad
931 931 984 1041 ζῶ·
1008 993 1015 1006 .

62 1030 138 1089 atriae
157 1029 315 1106 praefidium
336 1032 486 1088 excitatos:
507 1032 578 1089 meis
595 1030 735 1089 sententiis
754 1028 771 1088 ὲ
791 1030 921 1091 Kalendis
932 1005 1078 1108 ,[,ῗψ

59 1106 176 1165 anuariis
188 1123 344 1184 numquam
356 1106 461 1182 legatos
473 1103 509 1165 ad
529 1107 705 1165 Antonium:
724 1107 832 1183 semper
844 1107 922 1167 illurn
1073 1122 1077 1153 t

40 1182 169 1254 hostem,
187 1182 296 1259 semper
308 1184 365 1241 hoc
379 1181 498 1241 bellum:
517 1194 550 1240 ut
562 1199 632 1259 ego,
651 1181 701 1258 qui
715 1185 795 1241 omni
808 1195 923 1260 tempo-

40 1276 72 1320 re
85 1276 160 1318 verae
171 1262 246 1336 pacis
257 1257 355 1318 auctor
368 1254 494 1329 hriffcm,
512 1258 577 1318 huic
589 1257 674 1318 essem
692 1259 803 1332 nomini
814 1262 896 1336 pestis
909 1293 923 1306 ·
992 1328 994 1332 ,

39 1346 84 1396 rae
96 1336 172 1413 pacis
191 1337 333 1395 inimicus.
369 1335 449 1394 ldetn
463 1334 472 1379 t
485 1334 671 1405 Ventidium,
689 1333 757 1392 cum
778 1335 823 1393 alii
836 1336 920 1397 tribu·
933 1359 967 1400 21
1055 1394 1058 1402 ,

40 1429 113 1473 num
125 1412 211 1488 plebis
222 1409 407 1479 volusenus
420 1427 481 1469 nou
494 1412 549 1487 ego
561 1412 670 1489 semper
682 1409 810 1470 hostem?
833 1417 859 1453 ²⁶
874 1413 943 1471 hasi
959 1421 992 1466 ts.
1011 1422 1086 1470 vent.

43 1490 76 1548 in
94 1489 241 1551 sententias
260 1505 337 1547 meas
357 1486 377 1546 si
397 1486 520 1546 consules
532 1487 665 1564 designati
676 1486 866 1548 discessionem
880 1494 922 1548 fa·
934 1484 990 1531 MS.
1001 1484 1029 1554 ‚¹²-

43 1582 109 1625 cete
124 1563 288 1634 voluissent,
306 1564 437 1623 omnibus
448 1562 504 1622 istis
517 1565 667 1624 latronibus
686 1563 849 1625 auctoritate
868 1565 923 1644 ipsa
935 1543 1035 1655 ΨΜ·

43 1641 155 1702 senatsis
164 1643 224 1720 jam
238 1639 346 1719 pridem
359 1639 395 1699 de
409 1641 536 1699 manibus
548 1657 626 1699 arma
640 1639 805 1700 cecidissent.
937 1621 1020 1720 Lm}

85 1719 167 1778 Vlll.
187 1719 229 1776 Ss
240 1737 278 1788 u,
298 1735 343 1788 ou
353 1733 401 1775 ou
420 1729 482 1775 tum
495 1733 554 1776 non
565 1717 756 1792 licuit,patres
768 1717 925 1795 conscripti,
939 1733 957 1782 l<
972 1734 1091 1787 humela.

45 1794 77 1855 id
96 1795 153 1854 hoc
174 1808 304 1871 ternpore
323 1811 384 1852 non
402 1793 491 1852 solum
509 1793 590 1863 licet,
609 1792 707 1852 verhm
721 1794 804 1852 etiarn
819 1793 928 1855 neccsse
1073 1791 1074 1795 ’

47 1871 109 1942 eil,
129 1889 195 1941 eos,
216 1873 265 1947 qui
285 1888 315 1929 re
333 1869 395 1927 sunt
412 1869 528 1939 hostes,
547 1869 637 1929 verbis
656 1871 771 1940 notari,
790 1870 930 1931 sententiis

46 1948 145 2008 nostris
163 1946 255 2007 hostes
269 1944 398 2023 judicari.
433 1947 530 2004 Antea
548 1945 614 2005 chm
634 1945 741 2006 hostem
760 1961 808 2005 aur
824 1946 929 2008 bellurn
941 1965 977 2010 22

47 2021 251 2093 nominassem,
271 2020 356 2081 semel
374 2022 405 2079 dc
416 2020 516 2098 saepius
536 2021 701 2081 sententiam
721 2040 815 2083 meam
829 2023 865 2084 de
877 2042 931 2084 nu·

51 2118 135 2162 mero
145 2100 342 2160 sententiatum
354 2097 523 2158 sustulerunt.
561 2099 619 2158 uod
625 2100 654 2158 in
660 2101 712 2164 hac
721 2100 799 2158 causa
808 2102 868 2175 jaer
882 2100 934 2160 fic·

50 2183 75 2239 ri
88 2195 148 2238 non
160 2176 258 2254 potest.
277 2193 312 2234 ex
329 2175 425 2233 litteris
444 2116 577 2233 enim-23.
588 2175 696 2244 Pansae,
716 2175 753 2234 A.
766 2177 851 2236 Hirtii
864 2195 935 2237 con·

49 2255 158 2324 sulum,
178 2253 213 2312 C.
226 2251 339 2311 Caesaris
357 2251 551 2327 propraetoris,
570 2250 606 2311 de
624 2252 735 2310 honore
753 2252 934 2312 diisimmor-

50 2331 149 2397 talibus
159 2330 289 2388 habendo
300 2329 446 2388 sententias
455 2327 584 2388 diximus.
601 2328 657 2404 Sup
675 2329 836 2388 litationem
844 2329 934 2390 modo

52 2409 103 2486 qui
114 2406 335 2476 decrevit,idem
347 2404 507 2480 imprudens
519 2403 609 2469 hostes
616 2345 761 2480 Judcavit.
777 2424 934 2484 numquam

53 2487 132 2543 enim
146 2484 175 2542 in
188 2483 263 2541 civili
276 2481 348 2541 bello
361 2478 522 2558 supplicatio
543 2480 653 2542 decreta
673 2480 720 2545 est.
738 2482 878 2545 decretam
893 2484 936 2544 di-

52 2559 112 2623 co?
131 2577 168 2620 uc
181 2559 294 2619 nidoris
305 2557 420 2637 quidem
429 2557 528 2640 sineris
539 2555 672 2635 postulata
684 2558 733 2632 cll.¹
887 2637 922 2697 C·

87 2767 126 2808 25.
144 2755 183 2800 Me
198 2769 225 2798 ex
241 2754 295 2814 Kys.
313 2752 368 2810 sen.
384 2753 414 2800 as
423 2731 483 2801 ’heae
499 2753 575 2799 horem
591 2750 691 2814 vigilasse
706 2752 777 2814 reip]
809 2753 936 2815 snor'gslaffl

49 2816 168 2889 'quinque
178 2815 240 2887 'libri
256 2828 358 2866 veteres.
379 2814 407 2864 in
423 2816 493 2881 queis
508 2817 589 2880 hang.
607 2812 676 2878 quod
691 2814 764 2863 valde
780 2816 880 2879 placet:
901 2815 936 2866 fic

55 2877 238 2957 etumldrcttur,
254 2883 375 2956 invigilare
386 2881 440 2955 reip.
456 2889 484 2954 stt
494 2880 613 2956 {edormire
623 2880 840 2957 recesvjudararer're
855 2894 938 2958 tempo:

54 2962 88 2993 rs.
106 2945 173 3006 Vltg.
192 2950 291 3010 quue
304 2945 355 2992 alre
371 2946 435 2991 vassu
450 2944 580 3006 invigilant.
613 2941 728 3000 Etahbt,
745 2946 937 3008 Invegslantpuesr
1027 3002 1030 3009 Ι

56 3007 350 3128 νιῒὲοιξῖῗεεὸητεπτίω
358 3085 418 3121 meas
423 3069 445 3130 fi
454 3069 545 3130 consessas
554 3068 656 3133 defigens
666 3067 804 3130 dr'seeffionem
810 3070 885 3130 farm
895 3087 939 3118 ve·

58 3135 168 3194 sansana]
183 3136 221 3181 lta
231 3132 264 3182 est
274 3135 302 3182 in
313 3133 434 3198 vulgatis,
450 3133 476 3182 δι
488 3133 562 3182 male.
580 3137 641 3181 Ant.
654 3131 801 3197 Augustinus
818 3132 882 3182 redte
893 3149 939 3183 a&

61 3208 106 3268 get
117 3193 273 3260 designatos,
288 3199 333 3260 qui
348 3197 399 3255 jam
415 3207 527 3261 gererent
545 3193 714 3245 consulatum:
729 3195 771 3244 sed
787 3195 852 3245 nihil
866 3213 892 3245 re
910 3212 940 3246 o·
1023 3200 1025 3207 ’

60 3271 100 3308 sut
109 3273 155 3322 pro
165 3259 275 3322 defigens.
293 3259 410 3333 psterior
423 3256 589 3325 raatagathus
594 3259 692 3332 legebat
697 3261 748 3307 dedi
759 3265 809 3310 eati
813 3213 943 3325 ,hosfiu-

62 3317 104 3395 su:
120 3320 189 3387 quod
204 3327 345 3396 heronium
357 3337 413 3397 ¹non
430 3334 544 3388 putarent
560 3323 609 3372 hoc
620 3336 723 3396 nomme⁴
751 3325 850 3398 ignum,
867 3338 942 3388 atque

62 3381 123 3433 adeo
132 3386 258 3435 noluerint
271 3400 331 3460 eam·
338 3381 507 3437 discessionem
518 3386 612 3436 feceret
629 3400 671 3462 spx
681 3399 750 3460 enim
766 3386 832 3436 credi
849 3390 943 3452 potest,

63 3446 214 3567 {seigam
225 3446 342 3579 emam
359 3450 465 3517 longum
475 3448 590 3517 verbum,
607 3464 669 3520 qum
680 3448 748 3503 aliud
763 3464 808 3520 pro
824 3465 855 3500 eo
871 3464 945 3516 repo·

63 3576 67 3584 “
215 3548 243 3585 ”
305 3548 314 3574 ’
841 3589 888 3635 sn
901 3577 976 3638 Qi-
