2324 3930
226 118 500 186 'Prrrtrrrren
520 106 770 185 ttionemn.
869 130 950 206 3247

65 223 162 300 popuii
180 225 304 286 Romani
324 224 341 285 i
361 225 455 286 senatu
472 225 590 303 judicati
610 224 675 293 sint,
696 223 819 303 cumque
839 224 949 287 senatur
1024 255 1028 261 ·

66 301 98 358 P.
113 301 288 363 Dolabellam
300 302 373 362 bello
386 302 607 379 persequendum
622 301 774 372 censuerit,
794 314 825 360 ut
838 302 877 373 is,
896 301 947 380 qui

11 424 15 449 ,
69 378 166 437 omnia
190 381 307 439 deorum
339 381 548 457 hominumque
569 380 632 459 jura
657 395 764 447 novo,
802 379 946 448 inaudito,

68 454 255 537 tinenpiabili
265 456 366 516 scelere
376 456 521 533 polluerit,
542 457 707 532 nefarioque
720 454 791 531 patri
837 455 866 513 se
885 471 974 533 par-g
989 469 1100 538 impp.-

67 530 167 589 rtcidio
189 532 385 602 obstrinxerit,
412 548 509 610 poenas
527 531 579 592 diis
597 472 818 610 hominibusqss
834 531 1031 591 meritaecabtlt
1041 542 1098 590 MS.

66 603 226 687 debitasque
237 610 381 686 persolvat.
686 624 689 629 ·
1090 622 1093 627 ’

105 682 216 745 Senatui
230 688 353 762 placete,
363 684 523 747 C.Caffiurn
533 684 742 763 ,proconsulem
752 684 942 763 ,provinciam
955 688 992 748 30
1021 749 1028 762 ,

68 755 174 833 Syriam
190 764 330 831 obtinere,
351 763 392 821 uti
405 765 482 840 ¹aqui
495 781 559 822 eam
573 765 684 839 optimo
697 764 756 821 'ure
767 751 969 837 provinciamh
986 762 1080 817 quaque

66 837 216 895 obtinuerit
230 860 237 898 z
265 855 388 915 eumque
408 838 424 897 a
437 844 478 915 Q.
490 839 497 885 ῑ
511 840 621 899 Marcio
633 779 702 897 CrisJ
711 856 749 907 o,
762 816 1095 931 proconsule,2?‘·2s'.¹⁸⁸·

60 909 101 968 ·L.
115 917 129 957 ¹¹
143 914 230 998 Statio
243 915 362 985 Murco,
372 914 591 992 proconsule,⁴²
605 916 643 974 A.
656 856 824 1002 Allienqssp
840 914 962 1001 legatoff
977 894 1074 990 ffi„

65 1002 204 1059 exercitus
218 993 359 1068 accipere,
368 1009 473 1069 eosque
486 993 512 1051 ei
524 991 645 1051 tradere:
654 990 776 1067 ctlmque
786 988 828 1051 his
841 1006 942 1066 copus,
955 1007 1007 1053 aru.

64 1062 96 1118 &
112 1064 211 1142 siquas
232 1070 363 1144 praeterei
377 1071 528 1144 paraverit,
548 1067 620 1125 bello
641 1068 670 1125 P.
683 1067 858 1144 Dolabellam
872 1064 971 1125 terrak
986 1069 1080 1147 scauro·

64 1144 191 1218 amarique
203 1145 340 1222 persequi:
362 1148 419 1220 ejus
432 1145 495 1202 belli
507 1141 622 1218 gerendi
635 1143 728 1212 caula,
748 1143 846 1217 quibus
860 1145 886 1202 ei
900 1135 1089 1201 vi·1‘¹⁰⁰·⁴‘¹=·

64 1214 177 1288 cleatur,
197 1238 298 1290 naues,
316 1235 429 1287 nautas,
449 1221 635 1296 lpecuniam,
657 1229 689 1265 ⁴⁴
703 1233 810 1287 cetera,
830 1235 895 1295 quae
907 1218 960 1278 adl
976 1229 1091 1291 pecuniae

63 1291 168 1352 bellum
187 1296 341 1373 gerendum
363 1298 543 1375 pertineant,
572 1306 604 1353 ut
625 1294 778 1370 imperandi
798 1297 828 1352 in
850 1293 1003 1373 synapis·

63 1369 147 1442 Afia,
167 1371 312 1453 Bithynia,
332 1374 444 1443 Ponto,
459 1374 504 1450 jus
517 1371 739 1449 potestatemque
759 1369 873 1430 habeat:
900 1381 945 1429 ut·

63 1462 137 1523 que,
151 1467 361 1528 quamcumque
374 1450 402 1507 in
416 1451 591 1525 provintiam
605 1448 664 1523 ejus
675 1447 738 1506 belli
750 1447 865 1522 gerendi
878 1464 946 1509 cau·

61 1521 88 1581 si
101 1527 258 1597 advenerit,
278 1528 316 1587 ibi
329 1530 418 1602 majus
430 1527 578 1603 imperium
593 1524 626 1585 C.
640 1523 736 1592 Caffii,
756 1522 945 1599 proconsulis,

63 1601 97 1659 lit
116 1606 204 1679 quim
224 1605 282 1680 ejus
301 1605 370 1674 erit,
390 1605 438 1680 qui
450 1620 513 1663 eam
534 1602 708 1676 prouinciam
723 1615 743 1645 τι
757 1613 818 1657 tum
833 1590 1102 1675 obtine-nanneni
1143 1670 1147 1681 Ι

60 1677 122 1747 bit,
143 1681 207 1739 cum
230 1680 263 1741 C.
276 1679 379 1740 Caffius
397 1677 544 1759 proconsul
564 1679 594 1736 in
613 1693 677 1735 eam
698 1676 872 1751 prouinciam
894 1676 1104 1737 redama&

60 1769 141 1814 nent.
174 1809 176 1813 ,

100 1834 208 1909 Regem
230 1834 397 1911 Dejotarum
418 1846 541 1911 patrem,
562 1832 592 1890 ὅτ
609 1846 705 1907 tegern
727 1828 983 1906 Dejonrumn-tt

59 1904 148 1978 lium,
168 1909 203 1979 fi,
223 1923 255 1967 ut
268 1910 448 1969 multisbellis
460 1908 653 1984 saepenumero
673 1909 823 1983 imperium
844 1906 942 1983 populi

61 1985 187 2043 Romani
199 1988 335 2057 iuverint,
354 1989 424 2047 item
437 1987 471 2046 C.
484 1984 605 2043 Cassium
618 2000 634 2031 n
646 1984 840 2060 proconsulem
854 1984 941 2061 copiis
950 2019 967 2052 n
982 2017 1029 2071 μα
1039 2016 1101 2065 ωη.

59 2059 112 2119 suis
139 2063 292 2140 opibusque
317 2063 472 2134 juvissent,
496 2062 599 2121 senatui
618 2060 780 2139 populoque
807 2060 1100 2134 Romanosuletamt.

58 2151 170 2212 gratum
193 2137 246 2196 elie
267 2139 401 2199 tasiuros:
423 2141 575 2217 vitemque
596 2135 616 2194 sr
636 2139 719 2195 ceteri
730 2153 823 2212 reget,
843 2148 1099 2206 terror-nurnero.

59 2213 123 2272 chae
142 2214 320 2293 dynastaeque
344 2212 492 2286 fecissent,
518 2216 641 2273 senatum
664 2213 857 2290 populumque
877 2214 1019 2283 Rom&

59 2306 178 2347 manum
191 2307 291 2350 eorum
305 2293 392 2351 officii
401 2311 460 2351 non
473 2293 673 2350 immemorem
686 2292 827 2349 futurum:
841 2272 1074 2369 utique¹d0mq¹²‘·

59 2365 95 2424 C.
108 2365 209 2437 Pansa,
231 2370 267 2426 A.
286 2369 415 2441 Hirtius,
436 2366 575 2437 consules,
596 2367 663 2427 alter
680 2367 824 2436 ambove,
853 2365 874 2425 fi
896 2367 935 2428 eit
978 2377 1004 2424 r.
1016 2378 1045 2426 u.

57 2442 215 2513 uideretur,
237 2445 375 2521 republical
388 2442 564 2523 recuperati,
585 2444 619 2503 de
640 2445 790 2520 prouinciis
811 2443 936 2504 consula·

57 2520 145 2591 tibus,
164 2537 180 2580 o
194 2523 386 2599 praetoriis,ad
399 2525 474 2584 hunc
489 2522 616 2584 ordinem
630 2523 722 2598 primo
735 2539 850 2599 quoque
862 2533 935 2674 teqtq-
944 2525 1085 2639 mm

88 2767 129 2810 42·
147 2757 187 2803 or.
199 2758 320 2813 alliena]
346 2758 384 2805 lta
395 2749 547 2803 scribendum
557 2749 606 2808 est,
622 2749 730 2816 antiquis
747 2747 936 2801 numismatibus

57 2814 210 2874 auctoribus:
228 2818 286 2865 licet
302 2818 329 2865 in
346 2831 426 2867 uetere
443 2818 510 2867 libro
522 2815 567 2873 fit,
585 2821 623 2865 Λ.
637 2820 756 2871 Praecilio,
772 2829 882 2880 proquo
893 2823 934 2867 .A.

56 2882 128 2929 Plotio
138 2879 217 2944 poffet
229 2881 323 2944 reponi.
341 2883 416 2938 vrfin.

86 2959 126 3001 4³·
145 2949 244 3005 Legata]
260 2942 411 2993 Dolabella:
428 2955 454 2993 ut
465 2939 538 2991 insta.
556 2946 677 3005 Quattuor
688 2954 769 2991 autem
781 2942 879 3006 legatos
889 2939 935 2991 ht·

55 3001 106 3053 buit
120 3007 268 3065 Dolabella,
283 3009 350 3057 hunc
366 3007 508 3062 Allienum,
524 3005 720 3065 mortarium,
736 3007 767 3056 de
785 3021 835 3072 quo
851 3006 934 3070 supra,

55 3073 109 3178 {ern
129 3071 253 3127 Μιιιίιιιιι,
270 3073 301 3122 C.
313 3071 421 3128 Titium,
438 3070 469 3118 de
485 3069 572 3134 quibus
588 3068 616 3119 iti
632 3085 671 3134 ep.
688 3071 802 3128 Lentuli,
818 3068 863 3118 lib.
875 3084 936 3120 xit.

75 3137 184 3185 Manat.

86 3213 126 3255 44.
143 3207 271 3263 (nanque,
283 3215 329 3263 qua
339 3199 368 3245 ad
379 3197 457 3245 bellum
469 3199 612 3262 gerendum]
628 3199 673 3245 .Ad
682 3199 707 3244 id
722 3198 819 3253 ballum,
841 3210 866 3245 ο,
878 3196 896 3245 l.
909 3206 935 3247 v.

54 3261 142 3308 ferrar.
160 3262 318 3312 Sic&Graev.
334 3263 625 3326 enrra,quaeaeiidlellum.
645 3262 739 3308 Colon.
756 3274 933 3325 ceteraque,qru

54 3325 84 3369 ad
95 3325 119 3368 iel
129 3325 215 3375 bellum.
233 3325 279 3374 Sed
291 3325 412 3374 recentior
424 3338 512 3374 manus
523 3327 548 3373 in
559 3323 692 3373 deleuerat.
726 3326 820 3387 Sequor
829 3338 879 3387 ego
890 3338 935 3373 co·

53 3383 136 3432 dicem
147 3400 245 3446 meum,
259 3403 367 3454 quocum
378 3385 533 3440 consentiunt
546 3387 604 3449 alii,
621 3385 666 3438 nisi
680 3386 748 3454 quod
764 3403 807 3453 qur
816 3388 885 3437 male
896 3396 935 3435 ro·

52 3449 161 3516 petitum
172 3451 206 3503 est
217 3453 245 3503 in
255 3451 413 3522 quibusdum,
427 3456 504 3505 Grau.
519 3514 528 3533 ι

810 3555 853 3600 et·
868 3539 944 3602 ΘΜ*
1091 3590 1097 3599 .

1010 3648 1015 3659 ¹
1047 3614 1104 3648 A
