<?xml version="1.0" encoding="UTF-8"?>
<!DOCTYPE html PUBLIC "-//W3C//DTD XHTML 1.0 Transitional//EN"
    "http://www.w3.org/TR/xhtml1/DTD/xhtml1-transitional.dtd">
<html xmlns="http://www.w3.org/1999/xhtml" xml:lang="en" lang="en">
 <head>
  <title>
</title>
<meta http-equiv="Content-Type" content="text/html;charset=utf-8" />
  <meta name='ocr-system' content='tesseract 3.04.00' />
  <meta name='ocr-capabilities' content='ocr_page ocr_carea ocr_par ocr_line ocrx_word'/>
</head>
<body>
  <div class='ocr_page' id='page_1' title='image "./marcitulliicice03pedigoog_0134.png"; bbox 0 0 2324 3930; ppageno 0'>
   <div class='ocr_carea' id='block_1_1' title="bbox 197 91 948 195">
    <p class='ocr_par' dir='ltr' id='par_1_1' title="bbox 197 91 948 195">
     <span class='ocr_line' id='line_1_1' title="bbox 197 91 948 195; baseline 0 -23"><span class='ocrx_word' id='word_1_1' title='bbox 197 91 200 96; x_wconf 71' lang='grc'><strong>’</strong></span> <span class='ocrx_word' id='word_1_2' title='bbox 272 103 759 176; x_wconf 74' lang='lat' dir='ltr'>Pariirrtcaseenuna.</span> <span class='ocrx_word' id='word_1_3' title='bbox 869 122 948 195; x_wconf 83' lang='lat'>3073</span> 
     </span>
    </p>
   </div>
   <div class='ocr_carea' id='block_1_2' title="bbox 13 197 1106 667">
    <p class='ocr_par' dir='ltr' id='par_1_2' title="bbox 54 197 1106 443">
     <span class='ocr_line' id='line_1_2' title="bbox 55 197 1106 287; baseline -0.005 -17"><span class='ocrx_word' id='word_1_4' title='bbox 55 205 76 258; x_wconf 69' lang='grc' dir='ltr'>’ἃ</span> <span class='ocrx_word' id='word_1_5' title='bbox 90 206 288 279; x_wconf 87' lang='lat' dir='ltr'>redderentur,</span> <span class='ocrx_word' id='word_1_6' title='bbox 307 204 372 287; x_wconf 77' lang='lat' dir='ltr'>quae</span> <span class='ocrx_word' id='word_1_7' title='bbox 385 226 438 270; x_wconf 83' lang='lat' dir='ltr'>noa</span> <span class='ocrx_word' id='word_1_8' title='bbox 451 209 468 269; x_wconf 74' lang='lat' dir='ltr'>d</span> <span class='ocrx_word' id='word_1_9' title='bbox 481 211 587 270; x_wconf 87' lang='lat' dir='ltr'>tributis</span> <span class='ocrx_word' id='word_1_10' title='bbox 619 205 689 269; x_wconf 87' lang='lat' dir='ltr'>offer</span> <span class='ocrx_word' id='word_1_11' title='bbox 706 204 857 269; x_wconf 82' lang='lat' dir='ltr'>uindicare.</span> <span class='ocrx_word' id='word_1_12' title='bbox 895 197 972 270; x_wconf 70' lang='lat' dir='ltr'>Tul</span> <span class='ocrx_word' id='word_1_13' title='bbox 992 199 1106 281; x_wconf 50' lang='lat' dir='ltr'>mursa·</span> 
     </span>
     <span class='ocr_line' id='line_1_3' title="bbox 55 228 1090 378; baseline -0.003 -33"><span class='ocrx_word' id='word_1_14' title='bbox 55 298 155 346; x_wconf 83' lang='lat' dir='ltr'>autem</span> <span class='ocrx_word' id='word_1_15' title='bbox 169 300 183 332; x_wconf 75' lang='lat' dir='ltr'>e</span> <span class='ocrx_word' id='word_1_16' title='bbox 199 284 422 363; x_wconf 81' lang='lat' dir='ltr'>quadringenties</span> <span class='ocrx_word' id='word_1_17' title='bbox 437 287 476 345; x_wconf 89' lang='lat' dir='ltr'>H.</span> <span class='ocrx_word' id='word_1_18' title='bbox 491 287 517 346; x_wconf 88' lang='lat' dir='ltr'>S.</span> <span class='ocrx_word' id='word_1_19' title='bbox 530 228 617 364; x_wconf 77' lang='lat' dir='ltr'>quod</span> <span class='ocrx_word' id='word_1_20' title='bbox 624 286 712 345; x_wconf 85' lang='lat' dir='ltr'>idibus</span> <span class='ocrx_word' id='word_1_21' title='bbox 726 285 835 344; x_wconf 81' lang='lat' dir='ltr'>Martiis</span> <span class='ocrx_word' id='word_1_22' title='bbox 847 286 943 361; x_wconf 80' lang='lat' dir='ltr'>debui·</span> <span class='ocrx_word' id='word_1_23' title='bbox 954 268 1055 378; x_wconf 49' lang='lat' dir='ltr'>{uulg-</span> <span class='ocrx_word' id='word_1_24' title='bbox 1077 352 1090 366; x_wconf 48' lang='lat'><strong>·</strong></span> 
     </span>
     <span class='ocr_line' id='line_1_4' title="bbox 54 342 1078 443; baseline -0.004 -21"><span class='ocrx_word' id='word_1_25' title='bbox 54 362 105 432; x_wconf 79' lang='lat' dir='ltr'>m,</span> <span class='ocrx_word' id='word_1_26' title='bbox 121 379 248 438; x_wconf 89' lang='lat' dir='ltr'>quonam</span> <span class='ocrx_word' id='word_1_27' title='bbox 263 363 352 420; x_wconf 91' lang='lat' dir='ltr'>modo</span> <span class='ocrx_word' id='word_1_28' title='bbox 366 375 430 421; x_wconf 90' lang='lat' dir='ltr'>ante</span> <span class='ocrx_word' id='word_1_29' title='bbox 444 363 580 423; x_wconf 80' lang='lat' dir='ltr'>Kalendas</span> <span class='ocrx_word' id='word_1_30' title='bbox 592 362 694 438; x_wconf 85' lang='lat' dir='ltr'>Aprilis</span> <span class='ocrx_word' id='word_1_31' title='bbox 707 361 808 420; x_wconf 91' lang='lat' dir='ltr'>debere</span> <span class='ocrx_word' id='word_1_32' title='bbox 822 373 849 400; x_wconf 82' lang='lat'>¹⁰</span> <span class='ocrx_word' id='word_1_33' title='bbox 865 362 943 421; x_wconf 81' lang='lat' dir='ltr'>desti·</span> <span class='ocrx_word' id='word_1_34' title='bbox 970 342 1078 443; x_wconf 49' lang='lat' dir='ltr'>pamm}</span> 
     </span>
    </p>

    <p class='ocr_par' dir='ltr' id='par_1_3' title="bbox 13 404 1090 667">
     <span class='ocr_line' id='line_1_5' title="bbox 13 404 1090 524; baseline 0.005 -24"><span class='ocrx_word' id='word_1_35' title='bbox 13 498 18 513; x_wconf 77' lang='grc'><strong>,</strong></span> <span class='ocrx_word' id='word_1_36' title='bbox 53 437 86 499; x_wconf 81' lang='lat' dir='ltr'>lti</span> <span class='ocrx_word' id='word_1_37' title='bbox 96 438 189 496; x_wconf 76' lang='lat' dir='ltr'>dSunt</span> <span class='ocrx_word' id='word_1_38' title='bbox 200 455 232 497; x_wconf 87' lang='lat' dir='ltr'>ea</span> <span class='ocrx_word' id='word_1_39' title='bbox 244 438 358 524; x_wconf 80' lang='lat' dir='ltr'>quidem</span> <span class='ocrx_word' id='word_1_40' title='bbox 373 439 673 516; x_wconf 82' lang='lat' dir='ltr'>innumerabilia,quae</span> <span class='ocrx_word' id='word_1_41' title='bbox 686 436 702 495; x_wconf 75' lang='lat' dir='ltr'>a</span> <span class='ocrx_word' id='word_1_42' title='bbox 717 435 850 524; x_wconf 84' lang='lat' dir='ltr'>fdivetlis</span> <span class='ocrx_word' id='word_1_43' title='bbox 865 456 941 497; x_wconf 88' lang='lat' dir='ltr'>eme·</span> <span class='ocrx_word' id='word_1_44' title='bbox 952 404 1026 504; x_wconf 66' lang='lat' dir='ltr'>ienis</span> <span class='ocrx_word' id='word_1_45' title='bbox 1037 470 1090 509; x_wconf 83' lang='lat' dir='ltr'>em.</span> 
     </span>
     <span class='ocr_line' id='line_1_6' title="bbox 52 513 1081 591; baseline -0.01 -16"><span class='ocrx_word' id='word_1_46' title='bbox 52 513 173 585; x_wconf 82' lang='lat' dir='ltr'>bantur,</span> <span class='ocrx_word' id='word_1_47' title='bbox 193 530 252 573; x_wconf 94' lang='lat' dir='ltr'>non</span> <span class='ocrx_word' id='word_1_48' title='bbox 273 514 406 572; x_wconf 81' lang='lat' dir='ltr'>insciente</span> <span class='ocrx_word' id='word_1_49' title='bbox 425 525 469 574; x_wconf 87' lang='lat' dir='ltr'>te:</span> <span class='ocrx_word' id='word_1_50' title='bbox 489 515 536 575; x_wconf 85' lang='lat' dir='ltr'>led</span> <span class='ocrx_word' id='word_1_51' title='bbox 555 533 644 574; x_wconf 91' lang='lat' dir='ltr'>unum</span> <span class='ocrx_word' id='word_1_52' title='bbox 666 529 808 591; x_wconf 78' lang='lat' dir='ltr'>egregium</span> <span class='ocrx_word' id='word_1_53' title='bbox 824 513 859 572; x_wconf 90' lang='lat' dir='ltr'>de</span> <span class='ocrx_word' id='word_1_54' title='bbox 877 521 1041 589; x_wconf 71' lang='lat' dir='ltr'>regenaam.</span> <span class='ocrx_word' id='word_1_55' title='bbox 1053 522 1081 574; x_wconf 70' lang='grc' dir='ltr'><strong><em>σ</em></strong></span> 
     </span>
     <span class='ocr_line' id='line_1_7' title="bbox 53 583 1004 667; baseline -0.002 -18"><span class='ocrx_word' id='word_1_56' title='bbox 53 588 213 667; x_wconf 88' lang='lat' dir='ltr'>Dejotaro,</span> <span class='ocrx_word' id='word_1_57' title='bbox 232 590 339 666; x_wconf 91' lang='lat' dir='ltr'>populo</span> <span class='ocrx_word' id='word_1_58' title='bbox 354 591 488 651; x_wconf 87' lang='lat' dir='ltr'>Romano</span> <span class='ocrx_word' id='word_1_59' title='bbox 502 590 834 660; x_wconf 87' lang='lat' dir='ltr'>amiciffimo,decretum</span> <span class='ocrx_word' id='word_1_60' title='bbox 844 590 874 648; x_wconf 92' lang='lat' dir='ltr'>in</span> <span class='ocrx_word' id='word_1_61' title='bbox 888 583 1004 649; x_wconf 49' lang='lat' dir='ltr'>Cadm-</span> 
     </span>
    </p>
   </div>
   <div class='ocr_carea' id='block_1_3' title="bbox 10 665 1112 1440">
    <p class='ocr_par' dir='ltr' id='par_1_4' title="bbox 15 665 944 801">
     <span class='ocr_line' id='line_1_8' title="bbox 15 665 944 801; baseline -0.002 -74"><span class='ocrx_word' id='word_1_62' title='bbox 15 722 18 727; x_wconf 92' lang='lat'>.</span> <span class='ocrx_word' id='word_1_63' title='bbox 53 666 158 801; x_wconf 59' lang='lat' dir='ltr'>pitolio</span> <span class='ocrx_word' id='word_1_64' title='bbox 172 665 270 725; x_wconf 84' lang='lat' dir='ltr'>lixum.</span> <span class='ocrx_word' id='word_1_65' title='bbox 289 684 348 742; x_wconf 90' lang='lat' dir='ltr'>quo</span> <span class='ocrx_word' id='word_1_66' title='bbox 361 666 506 743; x_wconf 80' lang='lat' dir='ltr'>proposito</span> <span class='ocrx_word' id='word_1_67' title='bbox 519 686 607 728; x_wconf 87' lang='lat' dir='ltr'>nemo</span> <span class='ocrx_word' id='word_1_68' title='bbox 622 680 696 737; x_wconf 86' lang='lat' dir='ltr'>erat,</span> <span class='ocrx_word' id='word_1_69' title='bbox 716 667 764 744; x_wconf 94' lang='lat' dir='ltr'>qui</span> <span class='ocrx_word' id='word_1_70' title='bbox 775 665 876 742; x_wconf 91' lang='lat' dir='ltr'>inipso</span> <span class='ocrx_word' id='word_1_71' title='bbox 891 665 944 726; x_wconf 88' lang='lat' dir='ltr'>do·</span> 
     </span>
    </p>

    <p class='ocr_par' dir='ltr' id='par_1_5' title="bbox 10 741 483 819">
     <span class='ocr_line' id='line_1_9' title="bbox 10 741 483 819; baseline 0 -17"><span class='ocrx_word' id='word_1_72' title='bbox 10 774 12 781; x_wconf 95' lang='lat'>·</span> <span class='ocrx_word' id='word_1_73' title='bbox 67 759 117 802; x_wconf 89' lang='lat' dir='ltr'>ore</span> <span class='ocrx_word' id='word_1_74' title='bbox 129 743 213 802; x_wconf 88' lang='lat' dir='ltr'>risum</span> <span class='ocrx_word' id='word_1_75' title='bbox 228 741 317 819; x_wconf 81' lang='lat' dir='ltr'>pollet</span> <span class='ocrx_word' id='word_1_76' title='bbox 330 745 483 802; x_wconf 89' lang='lat' dir='ltr'>continere.</span> 
     </span>
    </p>

    <p class='ocr_par' dir='ltr' id='par_1_6' title="bbox 10 802 1112 1201">
     <span class='ocr_line' id='line_1_10' title="bbox 10 802 990 897; baseline 0.001 -19"><span class='ocrx_word' id='word_1_77' title='bbox 10 802 34 867; x_wconf 63' lang='lat' dir='ltr'>i*</span> <span class='ocrx_word' id='word_1_78' title='bbox 95 821 171 897; x_wconf 87' lang='lat' dir='ltr'>Quis</span> <span class='ocrx_word' id='word_1_79' title='bbox 184 819 260 878; x_wconf 89' lang='lat' dir='ltr'>enim</span> <span class='ocrx_word' id='word_1_80' title='bbox 274 819 405 896; x_wconf 89' lang='lat' dir='ltr'>cuiquam</span> <span class='ocrx_word' id='word_1_81' title='bbox 419 821 563 879; x_wconf 88' lang='lat' dir='ltr'>inimicior</span> <span class='ocrx_word' id='word_1_82' title='bbox 576 819 663 897; x_wconf 73' lang='lat' dir='ltr'>quam</span> <span class='ocrx_word' id='word_1_83' title='bbox 676 819 816 878; x_wconf 84' lang='lat' dir='ltr'>De&#39;otaro</span> <span class='ocrx_word' id='word_1_84' title='bbox 832 817 990 879; x_wconf 76' lang='lat' dir='ltr'>Caesarr94</span> 
     </span>
     <span class='ocr_line' id='line_1_11' title="bbox 59 894 943 973; baseline -0.001 -19"><span class='ocrx_word' id='word_1_85' title='bbox 59 911 142 973; x_wconf 85' lang='lat' dir='ltr'>aeque</span> <span class='ocrx_word' id='word_1_86' title='bbox 161 908 245 972; x_wconf 86' lang='lat' dir='ltr'>atque</span> <span class='ocrx_word' id='word_1_87' title='bbox 264 894 329 954; x_wconf 92' lang='lat' dir='ltr'>huic</span> <span class='ocrx_word' id='word_1_88' title='bbox 349 895 458 966; x_wconf 90' lang='lat' dir='ltr'>ordini,</span> <span class='ocrx_word' id='word_1_89' title='bbox 479 910 509 956; x_wconf 92' lang='lat' dir='ltr'>ut</span> <span class='ocrx_word' id='word_1_90' title='bbox 521 896 652 973; x_wconf 87' lang='lat' dir='ltr'>equestri,</span> <span class='ocrx_word' id='word_1_91' title='bbox 673 909 702 956; x_wconf 93' lang='lat' dir='ltr'>ut</span> <span class='ocrx_word' id='word_1_92' title='bbox 752 894 943 965; x_wconf 86' lang='lat' dir='ltr'>affilienfibus,</span> 
     </span>
     <span class='ocr_line' id='line_1_12' title="bbox 60 971 944 1048; baseline 0.001 -18"><span class='ocrx_word' id='word_1_93' title='bbox 60 984 90 1030; x_wconf 90' lang='lat' dir='ltr'>ut</span> <span class='ocrx_word' id='word_1_94' title='bbox 103 973 252 1040; x_wconf 86' lang='lat' dir='ltr'>omnibus,</span> <span class='ocrx_word' id='word_1_95' title='bbox 272 971 370 1048; x_wconf 88' lang='lat' dir='ltr'>quibus</span> <span class='ocrx_word' id='word_1_96' title='bbox 382 973 583 1048; x_wconf 87' lang='lat' dir='ltr'>rempublicam</span> <span class='ocrx_word' id='word_1_97' title='bbox 597 972 694 1048; x_wconf 87' lang='lat' dir='ltr'>populi</span> <span class='ocrx_word' id='word_1_98' title='bbox 707 973 831 1031; x_wconf 91' lang='lat' dir='ltr'>Romani</span> <span class='ocrx_word' id='word_1_99' title='bbox 850 989 944 1043; x_wconf 67' lang='lat' dir='ltr'>caum</span> 
     </span>
     <span class='ocr_line' id='line_1_13' title="bbox 62 1045 1034 1125; baseline 0.001 -19"><span class='ocrx_word' id='word_1_100' title='bbox 62 1045 114 1106; x_wconf 86' lang='lat' dir='ltr'>ell&#39;e</span> <span class='ocrx_word' id='word_1_101' title='bbox 127 1047 268 1107; x_wconf 84' lang='lat' dir='ltr'>sentiebat.</span> <span class='ocrx_word' id='word_1_102' title='bbox 310 1059 334 1086; x_wconf 91' lang='lat'>¹¹</span> <span class='ocrx_word' id='word_1_103' title='bbox 354 1048 455 1124; x_wconf 80' lang='lat' dir='ltr'>Igitur,</span> <span class='ocrx_word' id='word_1_104' title='bbox 475 1049 564 1125; x_wconf 73' lang='lat' dir='ltr'>iquo</span> <span class='ocrx_word' id='word_1_105' title='bbox 579 1050 648 1106; x_wconf 81' lang='lat' dir='ltr'>vivo</span> <span class='ocrx_word' id='word_1_106' title='bbox 666 1062 720 1106; x_wconf 89' lang='lat' dir='ltr'>nec</span> <span class='ocrx_word' id='word_1_107' title='bbox 737 1049 871 1124; x_wconf 86' lang='lat' dir='ltr'>praesens,</span> <span class='ocrx_word' id='word_1_108' title='bbox 890 1062 945 1107; x_wconf 88' lang='lat' dir='ltr'>nec</span> <span class='ocrx_word' id='word_1_109' title='bbox 1018 1049 1034 1071; x_wconf 69' lang='lat'>²</span> 
     </span>
     <span class='ocr_line' id='line_1_14' title="bbox 61 1122 1112 1201; baseline 0.004 -20"><span class='ocrx_word' id='word_1_110' title='bbox 61 1122 180 1184; x_wconf 76' lang='lat' dir='ltr'>absente</span> <span class='ocrx_word' id='word_1_111' title='bbox 195 1140 242 1181; x_wconf 84' lang='lat' dir='ltr'>tex</span> <span class='ocrx_word' id='word_1_112' title='bbox 256 1124 406 1198; x_wconf 76' lang='lat' dir='ltr'>Deiotarus</span> <span class='ocrx_word' id='word_1_113' title='bbox 418 1125 570 1201; x_wconf 85' lang='lat' dir='ltr'>quidquam</span> <span class='ocrx_word' id='word_1_114' title='bbox 586 1124 660 1200; x_wconf 89' lang='lat' dir='ltr'>aequi</span> <span class='ocrx_word' id='word_1_115' title='bbox 680 1124 748 1182; x_wconf 91' lang='lat' dir='ltr'>boni</span> <span class='ocrx_word' id='word_1_116' title='bbox 766 1125 970 1200; x_wconf 84' lang='lat' dir='ltr'>impetravit,g</span> <span class='ocrx_word' id='word_1_117' title='bbox 985 1129 1112 1191; x_wconf 80' lang='lat' dir='ltr'>rex·1)ei.&#39;</span> 
     </span>
    </p>

    <p class='ocr_par' dir='ltr' id='par_1_7' title="bbox 28 1198 1103 1276">
     <span class='ocr_line' id='line_1_15' title="bbox 28 1198 1103 1276; baseline -0.003 -17"><span class='ocrx_word' id='word_1_118' title='bbox 28 1244 35 1273; x_wconf 93' lang='lat'>,</span> <span class='ocrx_word' id='word_1_119' title='bbox 59 1199 425 1275; x_wconf 80' lang='lat' dir='ltr'>apudmortunmfactusest</span> <span class='ocrx_word' id='word_1_120' title='bbox 440 1205 453 1246; x_wconf 80' lang='lat' dir='ltr'>h</span> <span class='ocrx_word' id='word_1_121' title='bbox 462 1199 602 1276; x_wconf 86' lang='lat' dir='ltr'>gratiosus.</span> <span class='ocrx_word' id='word_1_122' title='bbox 621 1198 1103 1276; x_wconf 66' lang='lat' dir='ltr'>compellarathospiternherinatiu-</span> 
     </span>
    </p>

    <p class='ocr_par' dir='ltr' id='par_1_8' title="bbox 48 1261 1071 1440">
     <span class='ocr_line' id='line_1_16' title="bbox 59 1261 1071 1387; baseline -0.002 -51"><span class='ocrx_word' id='word_1_123' title='bbox 59 1275 728 1387; x_wconf 43' lang='lat' dir='ltr'>pr’aeiens,computarat,pecuniamirnpetarat,</span> <span class='ocrx_word' id='word_1_124' title='bbox 752 1287 779 1316; x_wconf 80' lang='lat'>¹²</span> <span class='ocrx_word' id='word_1_125' title='bbox 794 1275 889 1352; x_wconf 84' lang='lat' dir='ltr'>inejus</span> <span class='ocrx_word' id='word_1_126' title='bbox 903 1261 980 1375; x_wconf 53' lang='lat' dir='ltr'>te-Jd</span> <span class='ocrx_word' id='word_1_127' title='bbox 1014 1275 1071 1375; x_wconf 47' lang='grc' dir='ltr'>ἷξε*</span> 
     </span>
     <span class='ocr_line' id='line_1_17' title="bbox 48 1358 1069 1440; baseline 0.002 -28"><span class='ocrx_word' id='word_1_128' title='bbox 48 1396 81 1440; x_wconf 64' lang='lat' dir='ltr'>rt</span> <span class='ocrx_word' id='word_1_129' title='bbox 272 1378 276 1387; x_wconf 91' lang='lat'><strong>·</strong></span> <span class='ocrx_word' id='word_1_130' title='bbox 880 1364 948 1430; x_wconf 54' lang='lat' dir='ltr'>trarf</span> <span class='ocrx_word' id='word_1_131' title='bbox 995 1361 1002 1376; x_wconf 83' lang='lat'><strong>·</strong></span> <span class='ocrx_word' id='word_1_132' title='bbox 1060 1358 1069 1375; x_wconf 84' lang='lat'>‘</span> 
     </span>
    </p>
   </div>
   <div class='ocr_carea' id='block_1_4' title="bbox 10 1508 1044 3409">
    <p class='ocr_par' dir='ltr' id='par_1_9' title="bbox 10 1508 1044 3409">
     <span class='ocr_line' id='line_1_18' title="bbox 92 1508 943 1574; baseline 0 -16"><span class='ocrx_word' id='word_1_133' title='bbox 92 1522 130 1559; x_wconf 84' lang='lat'>10.</span> <span class='ocrx_word' id='word_1_134' title='bbox 147 1508 210 1565; x_wconf 76' lang='lat' dir='ltr'>Delii</span> <span class='ocrx_word' id='word_1_135' title='bbox 228 1512 238 1556; x_wconf 87' lang='lat' dir='ltr'>r&#39;</span> <span class='ocrx_word' id='word_1_136' title='bbox 243 1517 254 1556; x_wconf 77' lang='lat' dir='ltr'>i</span> <span class='ocrx_word' id='word_1_137' title='bbox 271 1511 337 1570; x_wconf 60' lang='lat' dir='ltr'>Quid</span> <span class='ocrx_word' id='word_1_138' title='bbox 346 1527 380 1574; x_wconf 77' lang='lat' dir='ltr'>ego</span> <span class='ocrx_word' id='word_1_139' title='bbox 391 1512 417 1558; x_wconf 84' lang='lat' dir='ltr'>dr</span> <span class='ocrx_word' id='word_1_140' title='bbox 426 1513 587 1559; x_wconf 73' lang='lat' dir='ltr'>commentariis</span> <span class='ocrx_word' id='word_1_141' title='bbox 598 1510 706 1572; x_wconf 79' lang='lat' dir='ltr'>infinitis,</span> <span class='ocrx_word' id='word_1_142' title='bbox 717 1511 772 1574; x_wconf 81' lang='lat' dir='ltr'>quid</span> <span class='ocrx_word' id='word_1_143' title='bbox 782 1510 807 1556; x_wconf 83' lang='lat' dir='ltr'>de</span> <span class='ocrx_word' id='word_1_144' title='bbox 817 1511 943 1560; x_wconf 79' lang='lat' dir='ltr'>innumera·</span> 
     </span>
     <span class='ocr_line' id='line_1_19' title="bbox 27 1568 941 1638; baseline 0.004 -19"><span class='ocrx_word' id='word_1_145' title='bbox 27 1620 32 1627; x_wconf 77' lang='grc'><strong>,</strong></span> <span class='ocrx_word' id='word_1_146' title='bbox 61 1568 140 1621; x_wconf 73' lang='lat' dir='ltr'>lila‘hm</span> <span class='ocrx_word' id='word_1_147' title='bbox 157 1576 302 1637; x_wconf 79' lang='lat' dir='ltr'>chirographis</span> <span class='ocrx_word' id='word_1_148' title='bbox 316 1578 427 1637; x_wconf 75' lang='lat' dir='ltr'>liquari]</span> <span class='ocrx_word' id='word_1_149' title='bbox 444 1579 501 1623; x_wconf 78' lang='lat' dir='ltr'>Hac</span> <span class='ocrx_word' id='word_1_150' title='bbox 518 1572 568 1638; x_wconf 85' lang='lat' dir='ltr'>ipsa</span> <span class='ocrx_word' id='word_1_151' title='bbox 584 1574 658 1622; x_wconf 82' lang='lat' dir='ltr'>verba</span> <span class='ocrx_word' id='word_1_152' title='bbox 674 1574 778 1637; x_wconf 82' lang='lat' dir='ltr'>repetita</span> <span class='ocrx_word' id='word_1_153' title='bbox 790 1572 864 1623; x_wconf 81' lang='lat' dir='ltr'>habes</span> <span class='ocrx_word' id='word_1_154' title='bbox 875 1577 900 1622; x_wconf 92' lang='lat' dir='ltr'>in</span> <span class='ocrx_word' id='word_1_155' title='bbox 910 1589 941 1623; x_wconf 85' lang='lat' dir='ltr'>ea</span> 
     </span>
     <span class='ocr_line' id='line_1_20' title="bbox 62 1634 941 1703; baseline 0.002 -18"><span class='ocrx_word' id='word_1_156' title='bbox 62 1637 225 1701; x_wconf 79' lang='lat' dir='ltr'>pagina,qu2</span> <span class='ocrx_word' id='word_1_157' title='bbox 235 1638 349 1700; x_wconf 78' lang='lat' dir='ltr'>proxime</span> <span class='ocrx_word' id='word_1_158' title='bbox 357 1637 381 1685; x_wconf 88' lang='lat' dir='ltr'>se</span> <span class='ocrx_word' id='word_1_159' title='bbox 401 1638 471 1687; x_wconf 85' lang='lat' dir='ltr'>uitur.</span> <span class='ocrx_word' id='word_1_160' title='bbox 490 1643 576 1703; x_wconf 82' lang='lat' dir='ltr'>Neque</span> <span class='ocrx_word' id='word_1_161' title='bbox 583 1634 727 1685; x_wconf 84' lang='lat' dir='ltr'>dubitaffem</span> <span class='ocrx_word' id='word_1_162' title='bbox 738 1649 766 1683; x_wconf 89' lang='lat' dir='ltr'>ea</span> <span class='ocrx_word' id='word_1_163' title='bbox 778 1634 835 1683; x_wconf 84' lang='lat' dir='ltr'>ltine</span> <span class='ocrx_word' id='word_1_164' title='bbox 851 1639 941 1687; x_wconf 85' lang='lat' dir='ltr'>tollere</span> 
     </span>
     <span class='ocr_line' id='line_1_21' title="bbox 64 1651 943 1765; baseline 0.003 -19"><span class='ocrx_word' id='word_1_165' title='bbox 64 1711 88 1746; x_wconf 88' lang='lat' dir='ltr'>at</span> <span class='ocrx_word' id='word_1_166' title='bbox 106 1715 136 1749; x_wconf 90' lang='lat' dir='ltr'>ue</span> <span class='ocrx_word' id='word_1_167' title='bbox 152 1715 310 1765; x_wconf 78' lang='lat' dir='ltr'>expungere,</span> <span class='ocrx_word' id='word_1_168' title='bbox 328 1651 451 1760; x_wconf 71' lang='lat' dir='ltr'>diudicio</span> <span class='ocrx_word' id='word_1_169' title='bbox 463 1715 520 1749; x_wconf 88' lang='lat' dir='ltr'>meo</span> <span class='ocrx_word' id='word_1_170' title='bbox 536 1701 618 1764; x_wconf 82' lang='lat' dir='ltr'>potius</span> <span class='ocrx_word' id='word_1_171' title='bbox 636 1700 672 1747; x_wconf 91' lang='lat' dir='ltr'>uti</span> <span class='ocrx_word' id='word_1_172' title='bbox 689 1699 763 1764; x_wconf 74' lang='lat' dir='ltr'>quam</span> <span class='ocrx_word' id='word_1_173' title='bbox 781 1701 868 1748; x_wconf 80' lang='lat' dir='ltr'>veteris</span> <span class='ocrx_word' id='word_1_174' title='bbox 885 1700 943 1749; x_wconf 90' lang='lat' dir='ltr'>libri</span> 
     </span>
     <span class='ocr_line' id='line_1_22' title="bbox 41 1714 946 1828; baseline 0 -16"><span class='ocrx_word' id='word_1_175' title='bbox 41 1782 47 1789; x_wconf 96' lang='lat'><em>·</em></span> <span class='ocrx_word' id='word_1_176' title='bbox 65 1714 204 1812; x_wconf 56' lang='lat' dir='ltr'>audoritari</span> <span class='ocrx_word' id='word_1_177' title='bbox 214 1775 297 1827; x_wconf 86' lang='lat' dir='ltr'>parere</span> <span class='ocrx_word' id='word_1_178' title='bbox 308 1762 445 1815; x_wconf 78' lang='lat' dir='ltr'>roluillem.</span> <span class='ocrx_word' id='word_1_179' title='bbox 479 1768 545 1813; x_wconf 80' lang='lat' dir='ltr'>Nam</span> <span class='ocrx_word' id='word_1_180' title='bbox 558 1764 620 1812; x_wconf 84' lang='lat' dir='ltr'>milri</span> <span class='ocrx_word' id='word_1_181' title='bbox 632 1752 731 1828; x_wconf 88' lang='lat' dir='ltr'>quidem</span> <span class='ocrx_word' id='word_1_182' title='bbox 744 1761 792 1811; x_wconf 88' lang='lat' dir='ltr'>hoc</span> <span class='ocrx_word' id='word_1_183' title='bbox 803 1763 861 1811; x_wconf 90' lang='lat' dir='ltr'>loco</span> <span class='ocrx_word' id='word_1_184' title='bbox 872 1765 946 1826; x_wconf 86' lang='lat' dir='ltr'>plane</span> 
     </span>
     <span class='ocr_line' id='line_1_23' title="bbox 66 1821 947 1891; baseline -0.002 -15"><span class='ocrx_word' id='word_1_185' title='bbox 66 1821 144 1877; x_wconf 80' lang='lat' dir='ltr'>otiosa</span> <span class='ocrx_word' id='word_1_186' title='bbox 156 1829 182 1876; x_wconf 68' lang='grc' dir='ltr'>ἃ</span> <span class='ocrx_word' id='word_1_187' title='bbox 196 1823 370 1891; x_wconf 81' lang='lat' dir='ltr'>supervacanea</span> <span class='ocrx_word' id='word_1_188' title='bbox 380 1826 505 1884; x_wconf 84' lang='lat' dir='ltr'>videntur,</span> <span class='ocrx_word' id='word_1_189' title='bbox 523 1841 554 1875; x_wconf 87' lang='lat' dir='ltr'>eo</span> <span class='ocrx_word' id='word_1_190' title='bbox 565 1827 645 1891; x_wconf 85' lang='lat' dir='ltr'>magis</span> <span class='ocrx_word' id='word_1_191' title='bbox 657 1825 724 1889; x_wconf 79' lang='lat' dir='ltr'>quod</span> <span class='ocrx_word' id='word_1_192' title='bbox 737 1826 848 1890; x_wconf 90' lang='lat' dir='ltr'>plerique</span> <span class='ocrx_word' id='word_1_193' title='bbox 859 1841 947 1874; x_wconf 78' lang='lat' dir='ltr'>omnes</span> 
     </span>
     <span class='ocr_line' id='line_1_24' title="bbox 63 1886 945 1956; baseline 0.001 -19"><span class='ocrx_word' id='word_1_194' title='bbox 63 1886 283 1939; x_wconf 72' lang='lat' dir='ltr'>‘vetereslibr&#39;thac</span> <span class='ocrx_word' id='word_1_195' title='bbox 296 1891 401 1953; x_wconf 78' lang='lat' dir='ltr'>inpane</span> <span class='ocrx_word' id='word_1_196' title='bbox 417 1891 500 1938; x_wconf 80' lang='lat' dir='ltr'>mutili</span> <span class='ocrx_word' id='word_1_197' title='bbox 516 1892 542 1939; x_wconf 75' lang='grc' dir='ltr'>δι</span> <span class='ocrx_word' id='word_1_198' title='bbox 559 1890 684 1956; x_wconf 86' lang='lat' dir='ltr'>depravati</span> <span class='ocrx_word' id='word_1_199' title='bbox 701 1890 858 1954; x_wconf 85' lang='lat' dir='ltr'>reperiuntur.</span> <span class='ocrx_word' id='word_1_200' title='bbox 895 1888 945 1938; x_wconf 89' lang='lat' dir='ltr'>uod</span> 
     </span>
     <span class='ocr_line' id='line_1_25' title="bbox 65 1905 944 2017; baseline -0.003 -13"><span class='ocrx_word' id='word_1_201' title='bbox 65 1954 229 2004; x_wconf 56' lang='lat' dir='ltr'>&amp;Ferrarius</span> <span class='ocrx_word' id='word_1_202' title='bbox 247 1953 360 2003; x_wconf 83' lang='lat' dir='ltr'>testatum</span> <span class='ocrx_word' id='word_1_203' title='bbox 377 1953 485 2017; x_wconf 86' lang='lat' dir='ltr'>reliquit.</span> <span class='ocrx_word' id='word_1_204' title='bbox 508 1957 592 2004; x_wconf 80' lang='lat' dir='ltr'>Mara.</span> <span class='ocrx_word' id='word_1_205' title='bbox 624 1951 831 2017; x_wconf 75' lang='lat' dir='ltr'>vulgataletthr,</span> <span class='ocrx_word' id='word_1_206' title='bbox 845 1905 944 2013; x_wconf 48' lang='lat' dir='ltr'>desiisti?</span> 
     </span>
     <span class='ocr_line' id='line_1_26' title="bbox 64 2010 1007 2084; baseline 0 -20"><span class='ocrx_word' id='word_1_207' title='bbox 64 2018 128 2084; x_wconf 72' lang='lat' dir='ltr'>Quid</span> <span class='ocrx_word' id='word_1_208' title='bbox 138 2034 171 2080; x_wconf 81' lang='lat' dir='ltr'>egr</span> <span class='ocrx_word' id='word_1_209' title='bbox 181 2019 206 2077; x_wconf 68' lang='lat' dir='ltr'>da</span> <span class='ocrx_word' id='word_1_210' title='bbox 215 2020 375 2064; x_wconf 77' lang='lat' dir='ltr'>commentariis</span> <span class='ocrx_word' id='word_1_211' title='bbox 385 2017 554 2081; x_wconf 78' lang='lat' dir='ltr'>r&#39;nfinitr&#39;r,qur&#39;d</span> <span class='ocrx_word' id='word_1_212' title='bbox 564 2020 590 2064; x_wconf 80' lang='lat' dir='ltr'>de</span> <span class='ocrx_word' id='word_1_213' title='bbox 600 2017 793 2073; x_wconf 78' lang='lat' dir='ltr'>innumerabilibus</span> <span class='ocrx_word' id='word_1_214' title='bbox 802 2018 947 2081; x_wconf 77' lang='lat' dir='ltr'>chirographis</span> <span class='ocrx_word' id='word_1_215' title='bbox 999 2010 1007 2022; x_wconf 83' lang='grc'><strong>’</strong></span> 
     </span>
     <span class='ocr_line' id='line_1_27' title="bbox 28 2077 947 2146; baseline -0.001 -18"><span class='ocrx_word' id='word_1_216' title='bbox 28 2094 31 2101; x_wconf 95' lang='grc'><strong><em>·</em></strong></span> <span class='ocrx_word' id='word_1_217' title='bbox 63 2080 161 2146; x_wconf 73' lang='lat' dir='ltr'>loquar?</span> <span class='ocrx_word' id='word_1_218' title='bbox 179 2083 236 2128; x_wconf 81' lang='lat' dir='ltr'>Sunt</span> <span class='ocrx_word' id='word_1_219' title='bbox 246 2099 271 2126; x_wconf 83' lang='lat' dir='ltr'>aa</span> <span class='ocrx_word' id='word_1_220' title='bbox 282 2082 327 2132; x_wconf 68' lang='lat' dir='ltr'>irc.</span> <span class='ocrx_word' id='word_1_221' title='bbox 360 2079 450 2128; x_wconf 80' lang='lat' dir='ltr'>Verum</span> <span class='ocrx_word' id='word_1_222' title='bbox 465 2092 494 2127; x_wconf 87' lang='lat' dir='ltr'>ea</span> <span class='ocrx_word' id='word_1_223' title='bbox 510 2081 556 2128; x_wconf 92' lang='lat' dir='ltr'>hue</span> <span class='ocrx_word' id='word_1_224' title='bbox 568 2095 619 2127; x_wconf 91' lang='lat' dir='ltr'>non</span> <span class='ocrx_word' id='word_1_225' title='bbox 630 2077 738 2134; x_wconf 89' lang='lat' dir='ltr'>faciunt,</span> <span class='ocrx_word' id='word_1_226' title='bbox 754 2093 785 2126; x_wconf 88' lang='lat' dir='ltr'>ne</span> <span class='ocrx_word' id='word_1_227' title='bbox 804 2093 834 2126; x_wconf 88' lang='lat' dir='ltr'>ue</span> <span class='ocrx_word' id='word_1_228' title='bbox 845 2092 947 2143; x_wconf 84' lang='lat' dir='ltr'>compa·</span> 
     </span>
     <span class='ocr_line' id='line_1_28' title="bbox 65 2093 945 2211; baseline 0 -19"><span class='ocrx_word' id='word_1_229' title='bbox 65 2154 117 2192; x_wconf 86' lang='lat' dir='ltr'>rent</span> <span class='ocrx_word' id='word_1_230' title='bbox 131 2144 158 2192; x_wconf 88' lang='lat' dir='ltr'>in</span> <span class='ocrx_word' id='word_1_231' title='bbox 169 2143 254 2192; x_wconf 82' lang='lat' dir='ltr'>multis</span> <span class='ocrx_word' id='word_1_232' title='bbox 264 2140 317 2192; x_wconf 84' lang='lat' dir='ltr'>mis.</span> <span class='ocrx_word' id='word_1_233' title='bbox 329 2142 456 2205; x_wconf 67' lang='lat' dir='ltr'>interjetia</span> <span class='ocrx_word' id='word_1_234' title='bbox 473 2143 531 2192; x_wconf 81' lang='lat' dir='ltr'>verb</span> <span class='ocrx_word' id='word_1_235' title='bbox 549 2142 601 2192; x_wconf 85' lang='lat' dir='ltr'>sunt</span> <span class='ocrx_word' id='word_1_236' title='bbox 619 2157 650 2192; x_wconf 83' lang='lat' dir='ltr'>ex</span> <span class='ocrx_word' id='word_1_237' title='bbox 667 2141 747 2208; x_wconf 87' lang='lat' dir='ltr'>capite</span> <span class='ocrx_word' id='word_1_238' title='bbox 762 2093 826 2190; x_wconf 56' lang='lat' dir='ltr'>inita</span> <span class='ocrx_word' id='word_1_239' title='bbox 838 2150 875 2198; x_wconf 77' lang='lat'>3⁸·</span> <span class='ocrx_word' id='word_1_240' title='bbox 892 2143 945 2211; x_wconf 85' lang='lat' dir='ltr'>iplo</span> 
     </span>
     <span class='ocr_line' id='line_1_29' title="bbox 65 2207 825 2275; baseline -0.008 -18"><span class='ocrx_word' id='word_1_241' title='bbox 65 2207 194 2273; x_wconf 70' lang='lat' dir='ltr'>Ptincipio.</span> <span class='ocrx_word' id='word_1_242' title='bbox 212 2211 302 2257; x_wconf 81' lang='lat' dir='ltr'>Gruter.</span> <span class='ocrx_word' id='word_1_243' title='bbox 571 2266 575 2275; x_wconf 40' lang='grc' dir='ltr'>Ι</span> <span class='ocrx_word' id='word_1_244' title='bbox 814 2218 825 2263; x_wconf 56' lang='grc' dir='ltr'><em>ᾖ</em></span> 
     </span>
     <span class='ocr_line' id='line_1_30' title="bbox 30 2268 946 2336; baseline 0.002 -17"><span class='ocrx_word' id='word_1_245' title='bbox 30 2272 34 2279; x_wconf 93' lang='grc'><strong>“</strong></span> <span class='ocrx_word' id='word_1_246' title='bbox 97 2285 135 2321; x_wconf 86' lang='lat' dir='ltr'>rr.</span> <span class='ocrx_word' id='word_1_247' title='bbox 153 2277 175 2319; x_wconf 82' lang='lat' dir='ltr'>is</span> <span class='ocrx_word' id='word_1_248' title='bbox 186 2273 279 2333; x_wconf 68' lang='lat' dir='ltr'>igitar]</span> <span class='ocrx_word' id='word_1_249' title='bbox 297 2279 318 2319; x_wconf 79' lang='lat' dir='ltr'>la</span> <span class='ocrx_word' id='word_1_250' title='bbox 336 2269 480 2320; x_wconf 87' lang='lat' dir='ltr'>delendum:</span> <span class='ocrx_word' id='word_1_251' title='bbox 498 2268 538 2318; x_wconf 89' lang='lat' dir='ltr'>sed</span> <span class='ocrx_word' id='word_1_252' title='bbox 557 2270 626 2336; x_wconf 85' lang='lat' dir='ltr'>post,</span> <span class='ocrx_word' id='word_1_253' title='bbox 642 2289 678 2319; x_wconf 82' lang='lat' dir='ltr'>aar</span> <span class='ocrx_word' id='word_1_254' title='bbox 694 2271 778 2331; x_wconf 72' lang='lat' dir='ltr'>absens,</span> <span class='ocrx_word' id='word_1_255' title='bbox 796 2269 946 2329; x_wconf 87' lang='lat' dir='ltr'>addendum,</span> 
     </span>
     <span class='ocr_line' id='line_1_31' title="bbox 66 2333 948 2403; baseline 0.003 -23"><span class='ocrx_word' id='word_1_256' title='bbox 66 2336 114 2403; x_wconf 51' lang='lat' dir='ltr'>Rara</span> <span class='ocrx_word' id='word_1_257' title='bbox 125 2337 250 2394; x_wconf 72' lang='lat' dir='ltr'>Deiotarus.</span> <span class='ocrx_word' id='word_1_258' title='bbox 270 2333 320 2381; x_wconf 82' lang='lat' dir='ltr'>haec</span> <span class='ocrx_word' id='word_1_259' title='bbox 332 2348 363 2381; x_wconf 84' lang='lat' dir='ltr'>cx</span> <span class='ocrx_word' id='word_1_260' title='bbox 374 2335 477 2401; x_wconf 83' lang='lat' dir='ltr'>antiquo</span> <span class='ocrx_word' id='word_1_261' title='bbox 490 2333 560 2384; x_wconf 82' lang='lat' dir='ltr'>lib10.</span> <span class='ocrx_word' id='word_1_262' title='bbox 578 2340 683 2383; x_wconf 79' lang='lat' dir='ltr'>Fai&#39;rnur.</span> <span class='ocrx_word' id='word_1_263' title='bbox 703 2341 725 2382; x_wconf 85' lang='lat' dir='ltr'>tr</span> <span class='ocrx_word' id='word_1_264' title='bbox 737 2337 818 2396; x_wconf 63' lang='lat' dir='ltr'>agitur,</span> <span class='ocrx_word' id='word_1_265' title='bbox 831 2352 896 2397; x_wconf 82' lang='lat' dir='ltr'>aquo</span> <span class='ocrx_word' id='word_1_266' title='bbox 906 2339 948 2383; x_wconf 81' lang='lat' dir='ltr'>vi·</span> 
     </span>
     <span class='ocr_line' id='line_1_32' title="bbox 10 2395 944 2459; baseline 0.003 -15"><span class='ocrx_word' id='word_1_267' title='bbox 10 2450 12 2459; x_wconf 37' lang='grc' dir='ltr'>Ι</span> <span class='ocrx_word' id='word_1_268' title='bbox 67 2402 114 2457; x_wconf 70' lang='lat' dir='ltr'>aa]</span> <span class='ocrx_word' id='word_1_269' title='bbox 129 2397 168 2446; x_wconf 80' lang='lat' dir='ltr'>Sic</span> <span class='ocrx_word' id='word_1_270' title='bbox 179 2395 253 2445; x_wconf 91' lang='lat' dir='ltr'>habet</span> <span class='ocrx_word' id='word_1_271' title='bbox 264 2397 342 2445; x_wconf 82' lang='lat' dir='ltr'>codex</span> <span class='ocrx_word' id='word_1_272' title='bbox 353 2398 397 2446; x_wconf 89' lang='lat' dir='ltr'>ille</span> <span class='ocrx_word' id='word_1_273' title='bbox 406 2400 552 2456; x_wconf 79' lang='lat' dir='ltr'>¹Vaticanus,</span> <span class='ocrx_word' id='word_1_274' title='bbox 563 2411 588 2445; x_wconf 91' lang='lat' dir='ltr'>ut</span> <span class='ocrx_word' id='word_1_275' title='bbox 599 2397 716 2446; x_wconf 84' lang='lat' dir='ltr'>testantur</span> <span class='ocrx_word' id='word_1_276' title='bbox 725 2398 832 2446; x_wconf 75' lang='lat' dir='ltr'>Fae&#39;rnus</span> <span class='ocrx_word' id='word_1_277' title='bbox 844 2400 870 2448; x_wconf 80' lang='lat' dir='ltr'>dc</span> <span class='ocrx_word' id='word_1_278' title='bbox 885 2403 944 2447; x_wconf 88' lang='lat' dir='ltr'>Mu-</span> 
     </span>
     <span class='ocr_line' id='line_1_33' title="bbox 67 2458 945 2525; baseline 0 -14"><span class='ocrx_word' id='word_1_279' title='bbox 67 2458 138 2511; x_wconf 72' lang='lat' dir='ltr'>nias.</span> <span class='ocrx_word' id='word_1_280' title='bbox 155 2472 324 2509; x_wconf 84' lang='lat' dir='ltr'>verumtamen</span> <span class='ocrx_word' id='word_1_281' title='bbox 336 2461 470 2511; x_wconf 76' lang='lat' dir='ltr'>ledlionem</span> <span class='ocrx_word' id='word_1_282' title='bbox 480 2462 606 2525; x_wconf 82' lang='lat' dir='ltr'>vulgatam</span> <span class='ocrx_word' id='word_1_283' title='bbox 617 2462 704 2509; x_wconf 90' lang='lat' dir='ltr'>malim</span> <span class='ocrx_word' id='word_1_284' title='bbox 715 2461 790 2508; x_wconf 88' lang='lat' dir='ltr'>tueri:</span> <span class='ocrx_word' id='word_1_285' title='bbox 803 2475 861 2509; x_wconf 89' lang='lat' dir='ltr'>nam</span> <span class='ocrx_word' id='word_1_286' title='bbox 873 2462 945 2512; x_wconf 84' lang='lat' dir='ltr'>verba</span> 
     </span>
     <span class='ocr_line' id='line_1_34' title="bbox 66 2521 946 2592; baseline 0.001 -20"><span class='ocrx_word' id='word_1_287' title='bbox 66 2521 120 2581; x_wconf 83' lang='lat' dir='ltr'>illa,</span> <span class='ocrx_word' id='word_1_288' title='bbox 136 2528 186 2592; x_wconf 59' lang='lat' dir='ltr'>Rex</span> <span class='ocrx_word' id='word_1_289' title='bbox 197 2528 326 2582; x_wconf 71' lang='lat' dir='ltr'>Deiotarus,</span> <span class='ocrx_word' id='word_1_290' title='bbox 344 2537 403 2573; x_wconf 86' lang='lat' dir='ltr'>nata</span> <span class='ocrx_word' id='word_1_291' title='bbox 413 2525 481 2581; x_wconf 90' lang='lat' dir='ltr'>sunt,</span> <span class='ocrx_word' id='word_1_292' title='bbox 497 2539 555 2572; x_wconf 90' lang='lat' dir='ltr'>meo</span> <span class='ocrx_word' id='word_1_293' title='bbox 567 2525 667 2589; x_wconf 89' lang='lat' dir='ltr'>quidem</span> <span class='ocrx_word' id='word_1_294' title='bbox 680 2524 782 2581; x_wconf 79' lang='lat' dir='ltr'>iudicio,</span> <span class='ocrx_word' id='word_1_295' title='bbox 799 2538 829 2571; x_wconf 82' lang='lat' dir='ltr'>ex</span> <span class='ocrx_word' id='word_1_296' title='bbox 840 2538 946 2575; x_wconf 85' lang='lat' dir='ltr'>annota-</span> 
     </span>
     <span class='ocr_line' id='line_1_35' title="bbox 39 2585 946 2662; baseline 0.001 -27"><span class='ocrx_word' id='word_1_297' title='bbox 39 2610 42 2617; x_wconf 95' lang='lat'>·</span> <span class='ocrx_word' id='word_1_298' title='bbox 66 2587 147 2644; x_wconf 89' lang='lat' dir='ltr'>tlone,</span> <span class='ocrx_word' id='word_1_299' title='bbox 159 2601 212 2662; x_wconf 84' lang='lat' dir='ltr'>quae</span> <span class='ocrx_word' id='word_1_300' title='bbox 223 2585 383 2652; x_wconf 85' lang='lat' dir='ltr'>respondebat</span> <span class='ocrx_word' id='word_1_301' title='bbox 394 2590 486 2636; x_wconf 88' lang='lat' dir='ltr'>voeulae</span> <span class='ocrx_word' id='word_1_302' title='bbox 498 2596 528 2637; x_wconf 84' lang='lat' dir='ltr'>is.</span> <span class='ocrx_word' id='word_1_303' title='bbox 545 2601 619 2652; x_wconf 84' lang='lat' dir='ltr'>atque</span> <span class='ocrx_word' id='word_1_304' title='bbox 630 2587 675 2635; x_wconf 77' lang='lat' dir='ltr'>lide</span> <span class='ocrx_word' id='word_1_305' title='bbox 687 2586 776 2634; x_wconf 84' lang='lat' dir='ltr'>voculd</span> <span class='ocrx_word' id='word_1_306' title='bbox 792 2586 879 2636; x_wconf 75' lang='lat' dir='ltr'>omitit</span> <span class='ocrx_word' id='word_1_307' title='bbox 893 2603 946 2637; x_wconf 86' lang='lat' dir='ltr'>ver·</span> 
     </span>
     <span class='ocr_line' id='line_1_36' title="bbox 69 2649 945 2715; baseline 0 -16"><span class='ocrx_word' id='word_1_308' title='bbox 69 2649 99 2699; x_wconf 87' lang='lat' dir='ltr'>ba</span> <span class='ocrx_word' id='word_1_309' title='bbox 107 2650 154 2700; x_wconf 86' lang='lat' dir='ltr'>illa</span> <span class='ocrx_word' id='word_1_310' title='bbox 164 2666 191 2698; x_wconf 89' lang='lat' dir='ltr'>tn</span> <span class='ocrx_word' id='word_1_311' title='bbox 204 2664 351 2705; x_wconf 81' lang='lat' dir='ltr'>contextum</span> <span class='ocrx_word' id='word_1_312' title='bbox 359 2649 488 2701; x_wconf 85' lang='lat' dir='ltr'>uerborum</span> <span class='ocrx_word' id='word_1_313' title='bbox 505 2665 519 2698; x_wconf 87' lang='lat' dir='ltr'>a</span> <span class='ocrx_word' id='word_1_314' title='bbox 535 2650 635 2700; x_wconf 84' lang='lat' dir='ltr'>librario</span> <span class='ocrx_word' id='word_1_315' title='bbox 650 2651 760 2705; x_wconf 67' lang='lat' dir='ltr'>conietaa</span> <span class='ocrx_word' id='word_1_316' title='bbox 776 2650 837 2698; x_wconf 91' lang='lat' dir='ltr'>sunt.</span> <span class='ocrx_word' id='word_1_317' title='bbox 870 2655 945 2715; x_wconf 83' lang='lat' dir='ltr'>supra</span> 
     </span>
     <span class='ocr_line' id='line_1_37' title="bbox 44 2711 944 2779; baseline -0.002 -15"><span class='ocrx_word' id='word_1_318' title='bbox 44 2762 49 2775; x_wconf 73' lang='grc'><strong>,</strong></span> <span class='ocrx_word' id='word_1_319' title='bbox 68 2726 149 2764; x_wconf 74' lang='lat' dir='ltr'>autern</span> <span class='ocrx_word' id='word_1_320' title='bbox 159 2715 242 2779; x_wconf 85' lang='lat' dir='ltr'>paucis</span> <span class='ocrx_word' id='word_1_321' title='bbox 253 2726 311 2763; x_wconf 81' lang='lat' dir='ltr'>ante</span> <span class='ocrx_word' id='word_1_322' title='bbox 322 2712 426 2763; x_wconf 81' lang='lat' dir='ltr'>rerfibus</span> <span class='ocrx_word' id='word_1_323' title='bbox 438 2714 510 2764; x_wconf 81' lang='lat' dir='ltr'>verba</span> <span class='ocrx_word' id='word_1_324' title='bbox 520 2715 630 2778; x_wconf 86' lang='lat' dir='ltr'>aliquot,</span> <span class='ocrx_word' id='word_1_325' title='bbox 648 2727 700 2777; x_wconf 80' lang='lat' dir='ltr'>qua</span> <span class='ocrx_word' id='word_1_326' title='bbox 712 2711 794 2759; x_wconf 89' lang='lat' dir='ltr'>alieno</span> <span class='ocrx_word' id='word_1_327' title='bbox 805 2714 863 2759; x_wconf 93' lang='lat' dir='ltr'>loco</span> <span class='ocrx_word' id='word_1_328' title='bbox 874 2727 944 2763; x_wconf 89' lang='lat' dir='ltr'>erant</span> 
     </span>
     <span class='ocr_line' id='line_1_38' title="bbox 67 2775 944 2891; baseline 0 -64"><span class='ocrx_word' id='word_1_329' title='bbox 67 2775 158 2891; x_wconf 44' lang='lat' dir='ltr'>{afim</span> <span class='ocrx_word' id='word_1_330' title='bbox 175 2792 232 2825; x_wconf 87' lang='lat' dir='ltr'>cunr</span> <span class='ocrx_word' id='word_1_331' title='bbox 244 2775 308 2826; x_wconf 81' lang='lat' dir='ltr'>infra</span> <span class='ocrx_word' id='word_1_332' title='bbox 320 2793 379 2826; x_wconf 80' lang='lat' dir='ltr'>xxx.</span> <span class='ocrx_word' id='word_1_333' title='bbox 397 2779 491 2826; x_wconf 85' lang='lat' dir='ltr'>circiter</span> <span class='ocrx_word' id='word_1_334' title='bbox 501 2777 553 2840; x_wconf 86' lang='lat' dir='ltr'>post</span> <span class='ocrx_word' id='word_1_335' title='bbox 566 2775 670 2825; x_wconf 85' lang='lat' dir='ltr'>verfibus</span> <span class='ocrx_word' id='word_1_336' title='bbox 685 2775 727 2823; x_wconf 93' lang='lat' dir='ltr'>suo</span> <span class='ocrx_word' id='word_1_337' title='bbox 744 2775 801 2823; x_wconf 88' lang='lat' dir='ltr'>loco</span> <span class='ocrx_word' id='word_1_338' title='bbox 817 2777 944 2840; x_wconf 85' lang='lat' dir='ltr'>legantur,</span> 
     </span>
     <span class='ocr_line' id='line_1_39' title="bbox 106 2838 947 2904; baseline 0.002 -14"><span class='ocrx_word' id='word_1_339' title='bbox 106 2840 172 2890; x_wconf 87' lang='lat' dir='ltr'>enda</span> <span class='ocrx_word' id='word_1_340' title='bbox 183 2841 278 2897; x_wconf 79' lang='lat' dir='ltr'>curavi,</span> <span class='ocrx_word' id='word_1_341' title='bbox 295 2852 321 2887; x_wconf 89' lang='lat' dir='ltr'>ut</span> <span class='ocrx_word' id='word_1_342' title='bbox 337 2842 421 2889; x_wconf 88' lang='lat' dir='ltr'>inania</span> <span class='ocrx_word' id='word_1_343' title='bbox 437 2843 463 2890; x_wconf 75' lang='lat' dir='ltr'>dt</span> <span class='ocrx_word' id='word_1_344' title='bbox 481 2838 664 2904; x_wconf 77' lang='lat' dir='ltr'>supervacanea.</span> <span class='ocrx_word' id='word_1_345' title='bbox 698 2840 823 2888; x_wconf 82' lang='lat' dir='ltr'>Lambinus.</span> <span class='ocrx_word' id='word_1_346' title='bbox 856 2841 947 2892; x_wconf 84' lang='lat' dir='ltr'>codici</span> 
     </span>
     <span class='ocr_line' id='line_1_40' title="bbox 67 2902 903 2967; baseline -0.007 -12"><span class='ocrx_word' id='word_1_347' title='bbox 67 2904 185 2965; x_wconf 73' lang='lat' dir='ltr'>Vaticano</span> <span class='ocrx_word' id='word_1_348' title='bbox 201 2903 269 2967; x_wconf 89' lang='lat' dir='ltr'>parui</span> <span class='ocrx_word' id='word_1_349' title='bbox 280 2917 336 2951; x_wconf 87' lang='lat' dir='ltr'>cum</span> <span class='ocrx_word' id='word_1_350' title='bbox 347 2905 457 2960; x_wconf 78' lang='lat' dir='ltr'>Fa&#39;e&#39;rno,</span> <span class='ocrx_word' id='word_1_351' title='bbox 474 2903 597 2951; x_wconf 87' lang='lat' dir='ltr'>Lambino</span> <span class='ocrx_word' id='word_1_352' title='bbox 614 2905 639 2952; x_wconf 74' lang='grc' dir='ltr'>δε</span> <span class='ocrx_word' id='word_1_353' title='bbox 652 2902 776 2951; x_wconf 88' lang='lat' dir='ltr'>Manutio.</span> <span class='ocrx_word' id='word_1_354' title='bbox 794 2906 903 2954; x_wconf 80' lang='lat' dir='ltr'>Gravius.</span> 
     </span>
     <span class='ocr_line' id='line_1_41' title="bbox 95 2966 944 3031; baseline -0.002 -12"><span class='ocrx_word' id='word_1_355' title='bbox 95 2983 133 3019; x_wconf 81' lang='lat'>12.</span> <span class='ocrx_word' id='word_1_356' title='bbox 151 2974 177 3016; x_wconf 81' lang='lat' dir='ltr'>In</span> <span class='ocrx_word' id='word_1_357' title='bbox 195 2971 240 3024; x_wconf 75' lang='lat' dir='ltr'>ejus</span> <span class='ocrx_word' id='word_1_358' title='bbox 257 2970 422 3023; x_wconf 66' lang='lat' dir='ltr'>tetrarchiam]</span> <span class='ocrx_word' id='word_1_359' title='bbox 439 2968 561 3031; x_wconf 78' lang='lat' dir='ltr'>Antiquus</span> <span class='ocrx_word' id='word_1_360' title='bbox 578 2966 652 3022; x_wconf 85' lang='lat' dir='ltr'>liber,</span> <span class='ocrx_word' id='word_1_361' title='bbox 669 2969 692 3012; x_wconf 82' lang='lat' dir='ltr'>ia</span> <span class='ocrx_word' id='word_1_362' title='bbox 707 2970 753 3026; x_wconf 86' lang='lat' dir='ltr'>ejus</span> <span class='ocrx_word' id='word_1_363' title='bbox 766 2971 944 3017; x_wconf 63' lang='lat' dir='ltr'>marchiarum.</span> 
     </span>
     <span class='ocr_line' id='line_1_42' title="bbox 65 3027 946 3093; baseline -0.001 -15"><span class='ocrx_word' id='word_1_364' title='bbox 65 3044 123 3090; x_wconf 76' lang='lat' dir='ltr'>nne,</span> <span class='ocrx_word' id='word_1_365' title='bbox 140 3034 165 3078; x_wconf 85' lang='lat' dir='ltr'>r&#39;a</span> <span class='ocrx_word' id='word_1_366' title='bbox 176 3034 224 3091; x_wconf 77' lang='lat' dir='ltr'>ejus</span> <span class='ocrx_word' id='word_1_367' title='bbox 231 3033 348 3078; x_wconf 71' lang='lat' dir='ltr'>tetrarchia</span> <span class='ocrx_word' id='word_1_368' title='bbox 357 3049 433 3080; x_wconf 84' lang='lat' dir='ltr'>unum.</span> <span class='ocrx_word' id='word_1_369' title='bbox 451 3029 596 3093; x_wconf 81' lang='lat' dir='ltr'>&amp;sequenti</span> <span class='ocrx_word' id='word_1_370' title='bbox 612 3027 693 3084; x_wconf 86' lang='lat' dir='ltr'>versu,</span> <span class='ocrx_word' id='word_1_371' title='bbox 709 3042 755 3089; x_wconf 87' lang='lat' dir='ltr'>pro</span> <span class='ocrx_word' id='word_1_372' title='bbox 769 3030 877 3085; x_wconf 79' lang='lat' dir='ltr'>reddidit,</span> <span class='ocrx_word' id='word_1_373' title='bbox 895 3034 946 3077; x_wconf 84' lang='lat' dir='ltr'>red·</span> 
     </span>
     <span class='ocr_line' id='line_1_43' title="bbox 63 3086 944 3155; baseline -0.005 -11"><span class='ocrx_word' id='word_1_374' title='bbox 63 3098 104 3148; x_wconf 82' lang='lat' dir='ltr'>dir.</span> <span class='ocrx_word' id='word_1_375' title='bbox 114 3086 241 3155; x_wconf 61' lang='lat' dir='ltr'>,Fa&#39;e&#39;tnun</span> <span class='ocrx_word' id='word_1_376' title='bbox 260 3100 284 3140; x_wconf 87' lang='lat' dir='ltr'>la</span> <span class='ocrx_word' id='word_1_377' title='bbox 293 3098 339 3149; x_wconf 75' lang='lat' dir='ltr'>eius</span> <span class='ocrx_word' id='word_1_378' title='bbox 349 3098 467 3141; x_wconf 78' lang='lat' dir='ltr'>tetrarchia</span> <span class='ocrx_word' id='word_1_379' title='bbox 477 3101 570 3151; x_wconf 69' lang='lat' dir='ltr'>aarum]</span> <span class='ocrx_word' id='word_1_380' title='bbox 587 3099 641 3141; x_wconf 81' lang='lat' dir='ltr'>Vox</span> <span class='ocrx_word' id='word_1_381' title='bbox 659 3108 727 3140; x_wconf 82' lang='lat' dir='ltr'>unum</span> <span class='ocrx_word' id='word_1_382' title='bbox 748 3089 829 3138; x_wconf 88' lang='lat' dir='ltr'>aberat</span> <span class='ocrx_word' id='word_1_383' title='bbox 846 3092 875 3140; x_wconf 92' lang='lat' dir='ltr'>ab</span> <span class='ocrx_word' id='word_1_384' title='bbox 888 3093 944 3144; x_wconf 71' lang='lat' dir='ltr'>aliis</span> 
     </span>
     <span class='ocr_line' id='line_1_44' title="bbox 63 3150 943 3220; baseline -0.006 -11"><span class='ocrx_word' id='word_1_385' title='bbox 63 3158 146 3209; x_wconf 81' lang='lat' dir='ltr'>libtiat</span> <span class='ocrx_word' id='word_1_386' title='bbox 164 3159 191 3206; x_wconf 74' lang='lat' dir='ltr'>dt</span> <span class='ocrx_word' id='word_1_387' title='bbox 202 3157 229 3205; x_wconf 95' lang='lat' dir='ltr'>in</span> <span class='ocrx_word' id='word_1_388' title='bbox 241 3156 334 3205; x_wconf 87' lang='lat' dir='ltr'>eisdem</span> <span class='ocrx_word' id='word_1_389' title='bbox 345 3158 411 3205; x_wconf 87' lang='lat' dir='ltr'>male</span> <span class='ocrx_word' id='word_1_390' title='bbox 421 3150 759 3220; x_wconf 74' lang='lat' dir='ltr'>scriptumerat,irtrarchiam.</span> <span class='ocrx_word' id='word_1_391' title='bbox 778 3158 848 3202; x_wconf 87' lang='lat' dir='ltr'>Hunc</span> <span class='ocrx_word' id='word_1_392' title='bbox 860 3168 943 3207; x_wconf 82' lang='lat' dir='ltr'>autent</span> 
     </span>
     <span class='ocr_line' id='line_1_45' title="bbox 62 3218 941 3285; baseline -0.002 -13"><span class='ocrx_word' id='word_1_393' title='bbox 62 3220 448 3285; x_wconf 77' lang='lat' dir='ltr'>lorum-explicatrittoriuscap.</span> <span class='ocrx_word' id='word_1_394' title='bbox 457 3237 495 3274; x_wconf 81' lang='lat'>23.</span> <span class='ocrx_word' id='word_1_395' title='bbox 513 3220 570 3268; x_wconf 91' lang='lat' dir='ltr'>libti</span> <span class='ocrx_word' id='word_1_396' title='bbox 581 3219 647 3268; x_wconf 87' lang='lat' dir='ltr'>tertii</span> <span class='ocrx_word' id='word_1_397' title='bbox 653 3219 779 3267; x_wconf 87' lang='lat' dir='ltr'>variarum</span> <span class='ocrx_word' id='word_1_398' title='bbox 786 3218 941 3270; x_wconf 65' lang='lat' dir='ltr'>Lectionum.</span> 
     </span>
     <span class='ocr_line' id='line_1_46' title="bbox 61 3283 1044 3342; baseline -0.008 -5"><span class='ocrx_word' id='word_1_399' title='bbox 61 3290 172 3337; x_wconf 68' lang='lat' dir='ltr'>maarai.</span> <span class='ocrx_word' id='word_1_400' title='bbox 189 3291 217 3332; x_wconf 77' lang='lat' dir='ltr'>ia</span> <span class='ocrx_word' id='word_1_401' title='bbox 227 3287 272 3342; x_wconf 77' lang='lat' dir='ltr'>ejus</span> <span class='ocrx_word' id='word_1_402' title='bbox 281 3288 421 3332; x_wconf 77' lang='lat' dir='ltr'>tetrarchiam</span> <span class='ocrx_word' id='word_1_403' title='bbox 434 3285 492 3341; x_wconf 72' lang='lat' dir='ltr'>dra]</span> <span class='ocrx_word' id='word_1_404' title='bbox 508 3284 588 3332; x_wconf 85' lang='lat' dir='ltr'>Prima</span> <span class='ocrx_word' id='word_1_405' title='bbox 599 3283 690 3337; x_wconf 91' lang='lat' dir='ltr'>editio,</span> <span class='ocrx_word' id='word_1_406' title='bbox 709 3283 784 3328; x_wconf 78' lang='lat' dir='ltr'>Media</span> <span class='ocrx_word' id='word_1_407' title='bbox 794 3287 942 3334; x_wconf 76' lang='lat' dir='ltr'>tetrarchiam.</span> <span class='ocrx_word' id='word_1_408' title='bbox 1042 3325 1044 3329; x_wconf 80' lang='grc'>,</span> 
     </span>
     <span class='ocr_line' id='line_1_47' title="bbox 61 3344 941 3409; baseline -0.007 -8"><span class='ocrx_word' id='word_1_409' title='bbox 61 3352 189 3401; x_wconf 73' lang='lat' dir='ltr'>uxorema</span> <span class='ocrx_word' id='word_1_410' title='bbox 207 3347 255 3396; x_wconf 82' lang='lat' dir='ltr'>Hic</span> <span class='ocrx_word' id='word_1_411' title='bbox 266 3349 342 3395; x_wconf 86' lang='lat' dir='ltr'>etiam</span> <span class='ocrx_word' id='word_1_412' title='bbox 355 3348 475 3396; x_wconf 83' lang='lat' dir='ltr'>vaticano</span> <span class='ocrx_word' id='word_1_413' title='bbox 487 3344 669 3409; x_wconf 78' lang='lat' dir='ltr'>inhtcripserunt</span> <span class='ocrx_word' id='word_1_414' title='bbox 680 3345 801 3398; x_wconf 65' lang='lat' dir='ltr'>Faernus,</span> <span class='ocrx_word' id='word_1_415' title='bbox 819 3349 941 3404; x_wconf 79' lang='lat' dir='ltr'>Muretus,</span> 
     </span>
    </p>
   </div>
   <div class='ocr_carea' id='block_1_5' title="bbox 61 3407 949 3557">
    <p class='ocr_par' dir='ltr' id='par_1_10' title="bbox 61 3407 949 3557">
     <span class='ocr_line' id='line_1_48' title="bbox 61 3407 837 3476; baseline -0.014 -7"><span class='ocrx_word' id='word_1_416' title='bbox 61 3414 212 3471; x_wconf 62' lang='lat' dir='ltr'>ambiam,</span> <span class='ocrx_word' id='word_1_417' title='bbox 228 3413 255 3466; x_wconf 81' lang='lat' dir='ltr'>P·</span> <span class='ocrx_word' id='word_1_418' title='bbox 266 3407 409 3470; x_wconf 71' lang='lat' dir='ltr'>uadatus,</span> <span class='ocrx_word' id='word_1_419' title='bbox 425 3407 512 3476; x_wconf 85' lang='lat' dir='ltr'>quibus</span> <span class='ocrx_word' id='word_1_420' title='bbox 525 3412 549 3460; x_wconf 70' lang='grc' dir='ltr'>δι</span> <span class='ocrx_word' id='word_1_421' title='bbox 561 3408 610 3473; x_wconf 88' lang='lat' dir='ltr'>ipse</span> <span class='ocrx_word' id='word_1_422' title='bbox 620 3407 746 3473; x_wconf 83' lang='lat' dir='ltr'>suffragor.</span> <span class='ocrx_word' id='word_1_423' title='bbox 762 3412 837 3458; x_wconf 76' lang='lat' dir='ltr'>Grau.</span> 
     </span>
     <span class='ocr_line' id='line_1_49' title="bbox 439 3500 949 3557; baseline -0.01 -2"><span class='ocrx_word' id='word_1_424' title='bbox 439 3502 508 3556; x_wconf 70' lang='grc' dir='ltr'>ΚΗ(</span> <span class='ocrx_word' id='word_1_425' title='bbox 522 3502 586 3554; x_wconf 79' lang='lat' dir='ltr'>kltk</span> <span class='ocrx_word' id='word_1_426' title='bbox 601 3500 663 3552; x_wconf 77' lang='lat' dir='ltr'>kkk</span> <span class='ocrx_word' id='word_1_427' title='bbox 855 3515 892 3557; x_wconf 71' lang='lat'>¹3·</span> <span class='ocrx_word' id='word_1_428' title='bbox 909 3503 949 3551; x_wconf 76' lang='lat' dir='ltr'>dd·</span> 
     </span>
    </p>
   </div>
   <div class='ocr_carea' id='block_1_6' title="bbox 0 0 1166 3930">
    <p class='ocr_par' dir='ltr' id='par_1_11' title="bbox 0 0 1166 3930">
     <span class='ocr_line' id='line_1_50' title="bbox 0 0 1166 3930; baseline 0 0"><span class='ocrx_word' id='word_1_429' title='bbox 0 0 1166 3930; x_wconf 95' lang='lat' dir='ltr'> </span> 
     </span>
    </p>
   </div>
  </div>
 </body>
</html>
