2324 3930
231 117 313 205 mm
501 60 794 184 ,Onnrio
884 146 887 151 ·

58 236 83 298 g
94 220 213 297 intolera-
226 216 260 276 ro
273 233 290 265 x
303 212 475 275 intolerabile
488 211 526 273 eli
537 215 638 275 servire
657 217 789 294 impuro,
807 212 973 351 impudicoss
991 215 1114 277 eiioemiss
1139 238 1150 249 ·‘

53 287 211 336 nursiam.
223 304 306 353 nato:
326 308 546 370 numquam,ue
558 294 588 352 in
603 303 681 353 metu
691 292 824 373 quidem,
855 290 946 352 obrio.
960 291 1073 353 Hunci
1093 291 1114 338 '-

58 348 157 412 ΗΜ·
222 381 268 429 tur
279 371 328 449 qui
342 368 431 428 Galliai
443 368 586 446 prohibet,
605 372 715 447 privato
746 369 878 430 raeiertim
892 367 1026 451 consilio,
1034 369 1070 446 ju
1092 370 1115 414 '-

221 459 267 528 cat
275 441 484 524 ,veriffimdque
491 443 685 524 judicat,uon
700 388 755 506 effe
767 445 922 508 consulem.
936 442 1112 529 Faciendum

222 523 262 584 est
275 525 357 602 igitur
370 524 467 592 nobis,
487 533 577 599 patres
597 523 762 600 conscripti,
781 536 814 584 ut
832 523 872 582 D.
882 519 960 582 Bruti
970 522 1112 598 privatum

222 601 369 660 confilium
384 598 548 658 auctoritate
561 599 668 675 publica
689 600 918 678 comprobemus.
956 600 1021 658 Nec
1042 596 1112 674 vero

222 677 268 736 M.
282 677 442 737 Antonium
455 673 597 735 consulem
610 676 670 753 post
686 676 852 754 Lupercalia
865 686 962 753 putare
974 671 1113 735 debuistis.

221 770 281 831 quo
296 754 372 812 enim
387 752 432 810 ille
447 753 510 822 die,
530 754 636 828 populo
648 754 783 814 Romano
796 751 982 831 inspectante,
996 751 1113 830 nudus,

222 829 337 899 nudius,
358 829 448 888 ebrius
468 829 505 889 est
524 831 724 902 concionatus,
743 832 773 891 &
792 830 822 890 id
843 829 924 907 egit,
942 839 974 888 ut
991 828 1111 905 collegae

222 905 354 965 diadema
363 907 535 980 imponeret:
556 923 592 965 eo
605 907 651 966 dle
664 907 763 966 senon
777 906 868 967 modo
887 902 1045 978 consulatu,
1064 903 1114 963 led

223 983 309 1041 etiam
320 981 445 1041 libertate
460 981 607 1042 abdicavit.
624 978 781 1043 eliet'enim
793 982 846 1061 ipst
858 979 934 1043 certe
946 980 1037 1042 statim
1056 982 1113 1040 ier·

222 1056 518 1128 viendum,s1Caesar
536 1059 570 1118 ab
589 1077 625 1118 eo
646 1063 724 1136 regni
743 1059 849 1138 infigne
867 1057 1113 1135 acciperenoluis·

224 1133 272 1195 set.
311 1136 398 1194 Hunc
418 1137 501 1212 igitur
520 1152 575 1212 ego
596 1136 762 1209 consulem,
794 1139 870 1197 hunc
889 1137 984 1194 civem
1004 1135 1114 1194 Roma·

197 1272 202 1282 ,
223 1227 319 1280 num,
338 1213 414 1271 hunc
432 1212 575 1282 liberum,
592 1212 669 1272 hunc'
685 1213 808 1292 denique
826 1212 976 1273 hominem
995 1223 1113 1287 putem,

116 1288 119 1292 ’
223 1289 273 1365 qui
286 1289 365 1348 foedo
376 1289 424 1348 illo
438 1290 468 1348 δι
481 1288 616 1365 flagitioso
635 1289 697 1360 die,
717 1292 747 1349 &
766 1289 836 1368 quid
853 1291 927 1366 pati,
946 1286 1057 1346 Caesare
1071 1289 1115 1348 vi·

59 1375 176 1450 „orest
222 1382 281 1434 vo,
300 1381 315 1424 t
324 1362 479 1500 ἕοίῖἕζᾎὸι
492 1366 575 1444 quid,
596 1383 633 1425 eo
647 1380 779 1439 mortuo,
799 1365 932 1443 consequi
949 1363 1007 1440 ipie
1027 1381 1114 1440 cupe-

63 1448 117 1495 alti.
226 1453 284 1509 ret,
304 1458 322 1499 o
345 1459 380 1499 en
401 1453 437 1499 rt.

54 1522 56 1527 ’
181 1533 213 1594 13
265 1517 409 1576 Necverb
424 1518 588 1588 devitante,
607 1518 799 1580 constantii&
844 1520 946 1579 auitate
958 1517 1115 1594 provinciae

61 1597 90 1645 1·
97 1607 215 1644 enxxxu.
228 1593 327 1652 Galliae
338 1595 423 1653 taceri
436 1596 532 1671 potest.
551 1596 588 1655 est
602 1597 679 1656 enim
691 1596 737 1657 ille
750 1596 802 1658 ilos
829 1597 919 1666 taliae,
936 1592 1005 1653 illud
1017 1590 1114 1655 firma·

227 1682 356 1730 mentum
371 1672 482 1747 imperii
494 1673 591 1749 populi
611 1674 751 1743 Romani,
769 1672 839 1743 illud
856 1681 1056 1732 ornamentum
1073 1671 1117 1730 di·

128 1780 132 1785 -
226 1748 347 1824 gnitatis.
365 1747 475 1807 Tantus
486 1761 582 1807 autem
597 1749 634 1808 est
648 1748 791 1808 consensus
805 1751 1025 1824 municipiorum
1033 1747 1115 1807 colo·

226 1825 393 1902 niarumque
405 1825 560 1899 provinciae
573 1825 687 1895 Galliae,
705 1840 737 1885 ut
750 1843 851 1885 omnes
864 1825 900 1884 ad
920 1822 1117 1885 auctoritatem

226 1899 309 1976 hujus
329 1900 433 1960 ordinis
452 1901 682 1980 majestatemque
697 1903 804 1979 ‚populi
824 1901 949 1962 Romani
960 1898 1117 1961 defenden-

227 1974 295 2036 darn
310 1975 471 2054 conspiralie
481 1979 635 2040 videantur.
665 1979 878 2054 Quamobrem,
901 1990 927 2030 ¹³
941 1976 1045 2036 tribuni
1057 1979 1117 2054 ple·

228 2052 286 2123 bis,
305 2071 477 2132 quamquam
491 2073 543 2114 vos
557 2054 626 2114 nihil
638 2055 729 2127 aliud,
748 2055 798 2115 nili
811 2056 846 2114 de
867 2053 1011 2132 praesidio,
1029 2066 1062 2112 ut
1073 2054 1118 2114 se·

229 2141 329 2188 natum
342 2131 405 2189 tuto
420 2130 544 2191 consules
561 2131 692 2191 Kalendis
702 2133 764 2205 Jan.
775 2132 876 2192 habere
898 2127 1024 2207 pollent,
1042 2143 1119 2190 retn-

228 2203 309 2275 listis,
328 2219 424 2266 tamen
440 2208 508 2266 mihi
521 2209 659 2268 videmini
680 2225 783 2284 magno
807 2206 923 2267 conlilio
943 2219 1027 2282 atque
1041 2209 1116 2283 opti·

121 2298 124 2303 ·
232 2297 281 2340 ma
299 2296 395 2342 mente
414 2283 576 2360 potestatem
596 2286 677 2344 nobis
695 2285 844 2344 denotare
864 2283 954 2342 ublica
966 2280 1062 2343 feciffe
1075 2284 1117 2343 di·

103 2414 110 2426 ,
232 2358 325 2417 cendi.
343 2359 408 2418 cum
421 2361 498 2419 enirn
511 2362 573 2420 tuto
584 2362 710 2420 senatum
722 2360 817 2420 haberi
836 2303 893 2419 (ἵης
913 2358 1042 2436 praesrdio
1056 2377 1116 2419 non

66 2412 207 2526 {affiget
235 2431 311 2510 polle
319 2436 502 2512 judicavistis:
523 2437 614 2496 zillud
624 2451 686 2497 tum
693 2436 815 2496 statuistis
827 2437 912 2496 etiam
921 2435 1009 2506 ,intra
1023 2453 1121 2496 muros

67 2509 226 2591 mm,
236 2511 357 2569 Antonii
369 2511 454 2570 scelus
468 2513 672 2592 audaciamque
682 2513 790 2573 versari.

145 2642 147 2647 ⁴
191 2619 227 2676 ¹4
275 2588 328 2658 Vl.
346 2592 599 2665 Qurnonnnu
619 2591 733 2661 omnia,
752 2588 977 2670 meallententiai,
991 2588 1120 2665 comple·

73 2692 91 2726 a
107 2663 307 2735 &nearinfflm
327 2667 422 2736 vobis,
442 2678 474 2725 ut
493 2668 634 2745 intelligo,
654 2686 714 2727 non
733 2666 838 2736 invitis,
862 2683 874 2712 ³
890 2678 921 2724 ut
941 2660 972 2724 δε
990 2665 1120 2741 praestan-

233 2740 340 2802 tiffimis
353 2742 466 2802 ducibus
477 2741 493 2802 i
506 2746 586 2804 nobis
596 2745 676 2804 detur
688 2744 848 2810 audioritas,
858 2743 887 2800 δε
902 2742 1053 2803 lortiffimis
1065 2743 1120 2801 mi·

233 2819 324 2880 litibus
335 2820 394 2897 spes
405 2820 563 2881 ostendatur
573 2823 774 2898 praemiorum:
794 2822 823 2879 &
832 2818 971 2897 judicetur
984 2835 1045 2878 nou
1059 2836 1124 2878 ver-

1056 2896 1123 2981 bo,

269 3036 307 3078 ¹3·
325 3018 474 3081 tribunique]
490 3015 549 3064 Post·
559 3013 664 3064 Antonii
680 3007 934 3082 profedlionem,·qui
949 3005 1071 3080 proiedus
1083 3007 1120 3056 est

237 3101 277 3136 nv.
290 3084 345 3134 Kal.
359 3087 419 3131 Dec.
439 3093 465 3128 ue
481 3078 545 3127 inira
561 3078 669 3134 dicitur,
696 3074 865 3141 magistratum
882 3085 959 3120 rnrere
974 3069 1066 3118 terbum
1081 3072 1122 3134 pl.

235 3161 289 3199 erar
301 3159 383 3196 autem
394 3145 428 3193 eis
443 3143 535 3207 primus
545 3141 701 3206 magistratus
711 3139 779 3195 dies,
794 3150 820 3185 ut
832 3134 964 3207 Dionyfius
975 3132 1061 3190 docet,
1081 3148 1120 3185 tv.

231 3213 269 3262 id.
281 3217 349 3262 Dec.¹
359 3223 405 3258 nec
416 3219 500 3255 tamen
511 3217 569 3254 ante
578 3219 649 3254 xtrr.
661 3203 717 3252 Kal.
729 3202 785 3264 Jan.
797 3214 848 3266 quo
859 3199 899 3248 die
908 3198 992 3246 hahita
1003 3195 1053 3244 hnc
1065 3210 1124 3245 ora·

233 3276 273 3325 tio
289 3274 342 3331 est,
364 3270 475 3321 senatum
495 3280 622 3318 vocarunt.
655 3271 786 3331 Propterea
807 3277 863 3313 cum
880 3260 989 3328 quadam
1009 3261 1123 3325 querella

231 3337 268 3396 sse
278 3335 376 3398 exotius
388 3335 422 3384 est
433 3335 537 3382 creeroz
554 3335 631 3380 Serius
643 3335 743 3386 omnino,
761 3335 788 3376 P.
801 3335 823 3376 c.
839 3327 909 3391 quim
919 3339 1001 3388 tempus
1012 3328 1067 3386 reip.
1083 3337 1124 3386 po·

228 3392 476 3476 folda','aliqundo
492 3409 563 3446 samen
578 3397 689 3443 convocari
698 3395 792 3458 fiamus,
808 3393 866 3458 quad
875 3391 1008 3455 flagitabam
1023 3391 1124 3453 equidm

238 3466 346 3536 qnotidie.
362 3466 395 3516 Er
406 3459 470 3517 urnii.
483 3465 513 3514 v.
531 3467 558 3515 Ρ.
568 3463 662 3513 Mour-
924 3492 928 3499 .
1096 3512 1102 3527 ,

292 3552 296 3557 ·
340 3548 344 3553 ·
859 3532 862 3537 ·
938 3547 941 3553 ·
993 3529 1031 3576 14.
1048 3516 1128 3584 Quane
