2324 3930
217 88 300 168 3178
531 87 778 153 Onnrro
904 28 918 112 Ι·
1110 4 1119 133 i

215 185 340 247 hortatus
353 188 392 249 est
403 186 510 261 solum,
531 201 563 250 ut
575 190 677 250 milites
688 189 804 258 fierent,
822 187 870 249 sed
884 189 970 250 etiam
988 190 1088 254 ficuln-

215 264 288 323 tibus
300 266 353 324 suis
364 266 531 326 sublevavit:
552 268 635 334 huic,
657 269 773 343 inquam
782 266 845 336 ,tali
859 268 1031 344 viro‚quem
1043 287 1089 331 nos

214 339 451 401 senatusconsulto
468 354 494 393 ²⁵
508 343 666 403 collaudare
680 343 1033 418 debemus,porerimeele
1044 363 1088 421 pa·
1115 325 1120 374 ⁸

57 417 294 497 principentur
313 418 483 479 Antonius?
501 420 672 495 nquidl'C.
694 412 794 478 Caesari
809 418 823 478 i
841 421 891 497 qui
912 421 994 481 illum
1012 421 1086 491 uther

55 491 103 534 ²²¹¹
114 486 168 531 ⁶²⁸⁸·
215 494 284 569 quid
295 495 334 554 D.
346 496 450 565 Brut0,
469 497 518 574 qui
530 497 617 555 Gallii
630 494 791 572 prohibuit?

171 571 1087 727 intuturrintermittuntur
1120 593 1122 606 ’

212 735 268 782 tres
285 666 454 801 gonscripti,
473 726 524 784 nili
545 668 715 802 piospicitim
733 725 816 801 plena
836 725 999 798 odiorum,
1016 694 1086 804 piem

35 838 39 847 -
213 801 413 862 discordiarum
421 821 428 858 ε
436 818 471 860 ex
483 802 583 878 quibus
595 804 723 860 oriuntur
736 802 805 861 bella
813 803 916 862 civilia.
934 804 1035 864 Nolite
1042 802 1086 879 igi-

54 903 74 953 q
88 887 116 935 rd
126 886 179 946 acesi
212 889 258 935 tur
269 891 285 935 r
297 878 325 937 id
336 878 510 955 velle,quod
522 877 581 938 fieri
595 896 653 938 non
667 879 770 955 potest:
792 880 821 936 δε
836 890 936 939 cavete
946 898 1016 957 ,per
1028 879 1086 940 leot

54 954 152 1001 tauris.
213 953 399 1013 immortales!
408 966 497 1031 patres
509 955 715 1031 conscripti,ue
727 956 773 1032 spe
786 955 929 1031 praesentis
945 959 1024 1034 pacis
1034 972 1086 1035 pet·

211 1043 325 1105 petuam
339 1049 440 1107 pacem
454 1032 595 1092 amittatis.

169 1113 207 1172 26
251 1109 393 1184 Quorsum
406 1110 470 1168 haec
483 1110 578 1169 omnis
589 1108 692 1187 spectat
704 1110 816 1168 oratio?
854 1109 904 1170 uid
918 1110 999 1170 enim
1013 1108 1086 1186 legati

213 1185 321 1260 egerint
338 1185 466 1246 nondum
486 1185 595 1246 scimus.
615 1199 643 1236 ²⁷
657 1187 697 1244 tlt
707 1186 777 1245 vero
791 1204 837 1245 ere
866 1189 893 1257 i,
908 1186 1005 1256 citati,
1018 1202 1088 1262 part·

54 1280 166 1319 :remen
210 1262 248 1332 ti,
268 1264 367 1320 armati
386 1263 510 1321 animisr
520 1264 583 1340 jam
604 1260 659 1320 elle
678 1261 813 1322 debemus
832 1305 841 1332 ,
866 1281 905 1321 ne
924 1262 1028 1323 blanda
1044 1270 1088 1321 aut

53 1330 101 1381 ‘ff‘
117 1337 323 1413 mter-supplici
341 1340 490 1425 oratione,
515 1352 564 1397 aut
590 1340 727 1416 aequitatis
753 1338 930 1425 simulatione
960 1338 1088 1425 fallamur.

52 1395 132 1450 Μ’·
209 1417 307 1474 omnia
327 1415 426 1473 fecerit
453 1426 588 1490 oportet,
619 1433 687 1493 quae
706 1414 851 1476 interdieta
877 1416 909 1475 &
931 1414 1088 1553 denuntiata

239 1671 278 1712 25.
296 1656 547 1713 caltiamentorum]
562 1654 600 1703 sic
611 1668 641 1703 ex
652 1653 865 1711 vatie.1·'a'e'tnus,
880 1657 1086 1713 Mutetumm·

207 1718 435 1775 binus‚Manutius.
453 1718 498 1768 Sed
509 1733 596 1767 ornnes
608 1731 714 1784 quatuor
723 1716 907 1831 codices,‹}uos
917 1734 932 1768 e
951 1734 970 1770 ο
981 1717 1024 1769 ins
1061 1720 1081 1775 i.

205 1799 270 1848 qum
284 1802 321 1831 nos
331 1785 509 1844 sinatusconsuito
524 1786 671 1833 laudaremus.
687 1796 740 1829 non
755 1782 830 1831 male.
858 1780 920 1832 ede
939 1818 948 1834 .
966 1786 997 1832 Μ
1029 1782 1085 1833 'olt-

205 1844 288 1895 nenfis
305 1848 332 1896 ic
348 1845 401 1894 aliae
416 1844 577 1903 vetustiores,
598 1862 662 1911 quem
677 1863 715 1892 nos
729 1846 910 1907 senatusconsulto
933 1848 1086 1899 laudavimus.

207 1910 325 1959 Graevius.

238 1980 277 2021 26.
294 1978 324 2019 ,Α
340 1986 384 2035 qua
399 1974 519 2038 exclusus]
540 1970 668 2028 Retinet),
683 1972 801 2032 euelufitrt
818 1985 894 2038 quam
914 1984 976 2023 uam
991 1974 1084 2037 expulsu

205 2032 281 2084 habet
297 2047 366 2083 vetus
381 2035 450 2083 liber.
468 2050 526 2084 nam
544 2037 693 2084 Ciceronem
710 2034 844 2084 decadem
861 2039 883 2083 G
912 2036 950 2085 lia
963 2037 1001 2086 ita
1012 2036 1081 2086 video

204 2098 318 2147 locutum
327 2097 389 2149 Phil.
402 2103 467 2149 vlu.
484 2102 560 2159 Qum
570 2103 636 2162 {gitur
646 2100 775 2161 muoticipiit
784 2101 811 2152 ά·
821 2100 911 2147 coloniis
927 2104 959 2148 ad
975 2104 1083 2151 eminien-

203 2165 257 2211 dum
269 2165 397 2211 Antonium
407 2166 558 2211 antirrinum
567 2166 663 2215 damasi,
680 2166 707 2211 P.
718 2164 815 2211 Manui.

236 2243 276 2281 27.
293 2232 333 2273 uit
342 2243 394 2273 vere
403 2229 482 2283 eruli,
497 2228 575 2283 citati,
603 2228 785 2285 ominamur]
801 2229 881 2275 Locus
891 2224 933 2274 hic
944 2226 1009 2276 mihi
1020 2240 1083 2276 non·

201 2288 269 2339 nihil
279 2287 399 2350 suspeaus
411 2287 459 2337 est:
476 2302 536 2337 nam
546 2303 575 2337 ve
603 2303 646 2337 um
656 2286 832 2345 illud‚citatis.
844 2293 870 2338 oc
882 2290 997 2340 animum
1009 2292 1034 2341 ἀ
1042 2304 1080 2339 au·

202 2365 242 2401 res
254 2353 359 2417 graviter
371 2349 488 2400 offendit:
505 2365 557 2399 non
569 2366 620 2416 quo
628 2350 654 2400 id
665 2350 743 2417 ipsum
753 2365 818 2400 nunc
829 2353 938 2417 primum
951 2354 1078 2418 accipiente

202 2412 246 2463 sed
262 2414 313 2463 vim
327 2416 378 2468 eius
395 2426 470 2480 atque
486 2412 633 2473 sententias,
648 2415 675 2464 in
692 2412 780 2480 quibus
795 2417 856 2478 poni
868 2414 946 2473 solet,
963 2417 1077 2466 hocloco

202 2492 257 2526 non
269 2475 411 2543 agnoscunt.
428 2479 520 2527 etenim
531 2493 587 2527 cum
597 2477 675 2527 modo
692 2479 843 2527 celeritatem
861 2477 999 2590 fisfnffim’
1015 2484 1081 2529 utei-

201 2544 377 2599 tatumflmen,
391 2542 512 2604 agmer,iu
524 2556 581 2590 eum
592 2543 676 2592 locum
684 2545 772 2590 citatim
783 2554 873 2591 conten
892 2543 926 2591 it:
943 2542 1081 2593 modoinu-

203 2603 264 2654 dare
276 2607 302 2655 δι
313 2618 414 2654 vocare:
431 2618 458 2654 ut
475 2605 600 2664 auctores,
616 2604 673 2654 libri
689 2605 797 2654 citantur
812 2604 897 2662 testes,
915 2604 1080 2665 accusatores,

185 2670 253 2727 'rei,
270 2666 373 2728 judices:
390 2668 444 2724 hic,
460 2668 487 2718 in
498 2669 616 2717 utramvis
627 2678 723 2733 partem
735 2671 868 2731 acceperis,
885 2668 916 2717 ad
933 2668 1081 2721 sententiam

202 2746 258 2781 non
269 2730 325 2780 satis
336 2744 392 2796 apte
403 2732 559 2781 convenerit:
576 2744 602 2780 ut
614 2732 738 2781 interdum
749 2733 831 2782 veniat
841 2733 867 2779 in
883 2745 998 2783 mentem
1007 2730 1081 2799 suspi-

200 2796 266 2853 cari,
282 2798 419 2859 proritari,
434 2799 506 2844 cantii
515 2792 562 2845 elle
572 2795 749 2859 reponendum.
767 2794 887 2860 quoniam
896 2809 985 2846 tamen
995 2811 1082 2847 ornnes

200 2858 223 2907 1.
234 2870 321 2906 contra
330 2855 438 2915 faciunt,
454 2859 526 2908 nobis
539 2858 675 2924 persuaderi
683 2858 875 2917 (inamoenum
884 2856 934 2909 hoe
943 2861 1006 2909 loco
1015 2859 1081 2911 idem

202 2922 298 2977 valere,
314 2920 382 2987 quod
391 2925 490 2970 excitati.
506 2925 599 2972 Petrai.
622 2930 662 2970 ult
670 2941 722 2971 vero
732 2926 835 2979 excitati,
850 2926 941 2979 crelin]
958 2928 999 2973 Ita
1009 2922 1044 2972 est
1054 2923 1079 2973 in

205 2986 271 3034 libro
282 2998 376 3034 vetere:
394 3000 458 3042 uon,
476 2996 501 3033 ut
512 2986 539 3033 in
550 2986 619 3043 aliis,
631 2990 703 3037 citati.
719 2990 839 3037 Muretus.
856 2986 937 3035 Miror
948 2990 1081 3037 Gruterum

204 3049 233 3099 δι
248 3048 291 3113 qui
307 3062 363 3098 eum
377 3048 430 3097 sunt
448 3049 522 3097 secuti
537 3060 589 3097 tam
605 3048 708 3099 craisum
725 3048 843 3099 mendum
866 3064 920 3097 non
935 3050 1079 3108 correxiffe,

203 3125 264 3161 cum
273 3124 359 3162 tamen
373 3111 399 3161 id
415 3111 490 3161 facile
505 3113 630 3178 potuerint
640 3112 735 3171 faeere,
750 3111 952 3163 sreonsuluillent
964 3113 1081 3163 Lambini

202 3175 233 3226 ἃ
249 3178 358 3225 Manutii
372 3175 508 3232 editiones,
523 3190 579 3224 cum
594 3177 692 3226 Primo
709 3180 735 3228 δι
752 3181 853 3227 Mureto
869 3188 995 3235 carerem,
1011 3174 1080 3243 quod

202 3249 291 3287 tarmen
305 3240 332 3288 in
346 3240 393 3288 hac
404 3238 456 3306 ipsa
467 3239 581 3289 oratione
591 3240 618 3289 in
629 3242 758 3291 nonnullis
766 3241 831 3290 locis
846 3239 913 3291 teile
929 3241 1082 3290 constituen-

203 3299 244 3351 ‹lis
254 3300 315 3352 feeit
325 3306 451 3353 Gruterus.
468 3308 515 3354 Pro
527 3307 611 3352 armati
619 3308 702 3353 animis
706 3312 780 3370 joma
795 3322 820 3362 e,
837 3306 989 3355 Muretus&
1006 3307 1083 3354 Lam·

203 3361 277 3415 binus
287 3365 429 3425 ediderunt,
440 3371 517 3433 parari
527 3371 611 3417 animis
620 3382 692 3417 tamen
702 3372 758 3437 ffel
825 3368 936 3445 Ειζωιιῦ
950 3382 1010 3421 mm
1025 3370 1083 3417 Mt·

203 3425 464 3487 monument
479 3432 621 3540 aruinum,
635 3436 714 3507 Grau.
776 3440 781 3447 '
967 3501 1009 3558 a·
1022 3492 1084 3559 Q,-
