2324 3930
203 149 311 234 ,mm
415 99 418 104 Ι
547 154 795 221 Οιιτιο
878 168 887 182 ”

59 245 207 352 ‘ssf‘sffl
225 253 343 316 Medico
357 257 408 317 tria
422 258 509 319 millia
527 258 676 337 jugerum,
694 257 773 334 quali·
791 267 820 315 te
834 272 848 304 e
861 256 986 319 lanallet:
1006 259 1111 322 rhetori

58 317 199 415 Jess'ffim
224 329 299 415 duo,
320 334 417 410 squasr
432 336 563 395 disertum
576 338 669 394 facere
689 331 826 412 potuillet.
865 335 920 394 Sed
940 335 976 395 ad
988 337 1041 396 iter
1054 339 1112 398 lta-

60 425 76 475 f
107 428 193 478 nante
224 405 348 486 lramque
362 411 516 471 redeamus.

61 446 194 542 diioruu.
262 484 324 544 XL.
344 488 521 546 Danuxrs
533 507 571 546 rr
593 488 736 547 coloniam
752 504 766 549 s
780 486 948 557 Casilinum,
969 487 1028 564 qub
1042 488 1109 546 Cae-

160 572 212 614 102
224 557 264 617 sar
276 561 341 621 ante
354 564 512 623 deduxerat.
550 564 715 622 Consuluisti
729 583 776 624 me
790 581 838 640 per
849 564 950 622 litteras
963 565 999 623 de
1013 564 1111 640 Capua

36 654 41 669 ι
62 647 80 698 ε
96 628 173 711 θὲἷῐῑ·
226 647 256 692 tu
270 640 452 714 quidemrsed
467 641 542 700 idem
557 641 592 700 de
609 640 730 699 Casilino
742 637 937 717 respondillem
948 638 1110 714 :pollesne,

62 711 125 779 ¹¹¹¹
136 699 189 746 MS·
227 711 272 769 ubi
292 716 403 773 colonia
425 714 513 786 effet,
533 715 569 774 eb
592 715 734 774 coloniam
755 733 862 775 novam
878 716 948 792 jure⁴
961 716 1111 774 deducere.

61 764 89 812 ὰ
102 764 199 820 '⁸⁴s‘m'
227 788 351 862 Negavi,
371 792 399 848 in
414 809 477 850 eam
491 793 651 861 coloniam,
670 810 734 868 quae
749 791 843 852 heller
863 790 1001 867 auspicato
1020 789 1112 849 dedu-

99 860 131 936 'st
143 890 196 938 MS.
227 861 287 948 dia,
308 866 377 940 dum¹
390 864 455 926 ellec
468 869 633 936 incolumis,
652 869 796 926 coloniam
818 886 923 926 novam
941 865 1113 944 jurededu-

226 955 264 997 cr:
287 941 405 1000 colonos
417 961 507 1001 novos
521 943 633 1003 adscribi
646 942 722 1019 polle
736 943 863 1018 rescripti.
897 943 947 1002 Tu
961 952 1054 1013 autem
1066 943 1111 1000 in-

226 1012 342 1075 solential
361 1019 464 1089 elatus,
484 1021 565 1079 omni
583 1019 767 1095 auspiciorum
785 1019 848 1096 jure
868 1020 996 1089 turbato,
1017 1017 1113 1076 Casili-

226 1107 296 1149 num
311 1093 454 1153 coloniam
469 1095 621 1165 deduxisti,
640 1095 698 1173 quo
713 1107 770 1154 erat
784 1094 879 1171 paucis
892 1097 970 1152 annis
983 1092 1047 1152 ante
1064 1095 1114 1154 de-

160 1241 162 1244 ·
228 1166 333 1239 duell,
354 1183 384 1229 ut
401 1183 430 1222 3⁴
445 1173 578 1231 vexillum
599 1172 708 1231 tolleres
728 1173 898 1230 &aratrum
920 1169 1114 1229 circumduce-

227 1261 286 1303 res:
300 1248 377 1322 cujus
388 1247 503 1323 quidem
516 1266 633 1306 vomere
645 1261 756 1325 portam
771 1249 877 1324 Capuae
891 1247 972 1323 paene
984 1246 1114 1322 perstrin-

228 1321 304 1390 xisti,
325 1335 355 1380 ut
369 1323 489 1382 florentis
503 1325 624 1382 coloniae
638 1325 807 1382 territorium
822 1324 1000 1382 minueretur.
1096 1328 1104 1377 ζ

163 1417 214 1477 ¹03
269 1411 296 1449 ιι
312 1399 357 1455 Ab
371 1400 423 1455 hac
436 1400 602 1474 religionum
618 1401 822 1473 perturbatione
829 1401 941 1470 advolas
952 1401 981 1458 in
989 1400 1032 1458 M.
1039 1399 1112 1457 Var-

66 1475 322 1543 mxliii-roms,
342 1474 496 1532 sancliffimi
515 1487 598 1550 atque
611 1476 781 1550 integerrimi
803 1476 870 1543 uiri,
894 1476 1014 1534 fundum
1027 1476 1113 1534 Calli·

195 1600 198 1604 ,
231 1560 336 1608 uatem.
355 1567 413 1625 quo
421 1549 506 1625 jure?
525 1567 583 1632 quo
597 1551 666 1608 ore.¹
686 1550 843 1621 eodem,in
865 1551 1006 1627 uies,quo
1020 1551 1048 1608 in
1063 1552 1114 1610 he-

58 1676 64 1683 ,
191 1690 192 1695 γ
228 1625 328 1688 redum
349 1627 384 1684 L.
397 1627 508 1696 Rubrii,
528 1644 587 1702 quo
603 1628 634 1683 in
651 1627 789 1691 heredum
809 1628 845 1693 L.
891 1627 1113 1701 urieliipraedia·,

154 1713 157 1716 ’
229 1715 288 1782 quo
302 1702 331 1762 in
344 1704 461 1781 reliquas
467 1702 680 1766 innumerabiles
693 1701 877 1779 poffeffiones.
897 1706 925 1753 ³⁶
939 1702 976 1760 Et
983 1703 1002 1759 li
1015 1703 1050 1760 ab
1060 1703 1115 1836 ¹lpa-

1082 1796 1115 1850 ὃ,

152 1913 158 1937 ¹
230 1924 268 1973 cul
282 1905 411 1973 accedebat
423 1925 503 1973 Maur.
515 1922 594 1973 codex
607 1925 633 1974 dr
645 1921 737 1978 Ahalae.
755 1922 820 1986 prius
826 1921 884 1971 editi
892 1955 899 1978 ,
902 1921 1041 1986 grandifera.
1059 1923 1112 1973 Pal.

228 1988 301 2052 prim.
316 1987 468 2049 gruuduficure.
485 1985 530 2036 sec.
545 1989 701 2051 grandifacere.
736 1991 807 2036 Grut.
839 1991 900 2035 Non
917 2000 977 2033 unus
993 1985 1039 2033 luit
1058 1990 1113 2047 MS.

228 2050 357 2107 Lambini,
374 2066 403 2099 ex
434 2065 466 2098 uo
479 2050 542 2099 hanc
552 2051 687 2099 lediionem
696 2054 775 2108 ,urendi
783 2053 865 2111 foeuuee
876 2045 1026 2114 deprompsit
1038 2053 1114 2098 Lam·

229 2113 316 2170 binus,
333 2111 399 2165 seda
416 2066 524 2168 iuobus,
540 2129 604 2178 quos
622 2113 743 2162 consuluit
761 2113 924 2170 Guilielmus,
941 2110 1111 2164 confirmatur.

228 2182 321 2234 Funus,
337 2191 364 2224 ut
375 2190 476 2234 norum,
494 2180 603 2241 amplum
616 2178 728 2225 dicuntur
740 2179 791 2241 agri
811 2175 910 2224 reddere
927 2176 1039 2231 colonis,
1057 2191 1113 2226 cum
1155 2180 1157 2185 '

228 2237 282 2288 sunt
293 2239 394 2288 feraces.
412 2239 457 2288 Sed
467 2253 527 2305 puto
539 2241 654 2287 voculam
665 2241 775 2304 aliquam
787 2237 901 2289 excidiffe
912 2251 969 2286 ante
982 2240 1112 2300 frulluusu,

227 2304 346 2352 nimirum
357 2305 422 2350 valde
433 2316 472 2350 aut
481 2304 717 2367 perquamsruliuuse‚
736 2315 775 2350 aut
792 2301 884 2365 scripsit
901 2303 998 2350 Tullius
1009 2304 1112 2363 fraliusa-

223 2367 325 2427 fiffimu,
342 2367 453 2431 alioquin
471 2366 551 2414 minus
567 2364 655 2415 dicitur
671 2367 746 2430 qu‘am
762 2366 788 2413 in
805 2363 993 2429 praecedentibus
1011 2367 1106 2423 verbis,

224 2429 403 2493 grandifoenore.
422 2433 501 2478 Gtaev.
561 2465 586 2489 ¹.

262 2508 300 2551 ³4·
320 2496 426 2539 Vexillum
435 2495 547 2548 uidene]
564 2497 638 2541 vetus
649 2491 726 2541 editio
736 2491 768 2541 lic
780 2491 852 2541 habet
865 2506 893 2540 ac
908 2491 1011 2541 Palatini
1023 2492 1110 2544 nostri.

229 2555 378 2605 recentiores
388 2558 479 2604 tolleres.
497 2555 656 2603 undeinimis
664 2558 746 2621 aquam
758 2571 870 2620 cuperem
881 2555 989 2605 incidere
1000 2558 1025 2604 in
1036 2558 1113 2605 Fa'e'r-

229 2619 256 2666 ni
267 2621 294 2667 &
304 2619 331 2666 in
344 2616 434 2667 Mu'reri
447 2618 478 2666 ad
490 2619 534 2667 has
545 2621 671 2668 orationes
683 2634 855 2670 monumenta.
872 2634 931 2669 nam
949 2634 1008 2669 num
1020 2625 1114 2670 Mann-

228 2683 292 2738 tius,
309 2697 367 2730 num
384 2681 519 2730 Lambinus
535 2681 593 2730 inde
609 2679 650 2730 sua
666 2681 800 2739 hauserint,
817 2698 850 2732 an
868 2683 986 2740 aliunde,
1005 2684 1114 2734 constare

229 2746 325 2795 nemini
337 2745 424 2811 potest.
442 2750 509 2796 Grue.
543 2749 653 2794 Vexillum
662 2749 762 2803 tollere]
779 2746 818 2794 Est
836 2761 921 2810 capere
932 2748 957 2796 br
969 2748 1062 2812 erigere
1072 2763 1114 2797 ve*-

229 2809 334 2866 xillum,
351 2808 418 2874 quod
435 2809 572 2873 preferatur
584 2811 609 2856 in
621 2810 748 2857 coloniam
759 2807 921 2865 deducendis,
938 2823 965 2857 ut
976 2813 1059 2871 ſsguum
1069 2815 1114 2859 rul-

228 2874 279 2920 lere.
297 2877 389 2920 Tullum
399 2873 478 2936 recepi
489 2889 520 2920 ex
532 2872 652 2922 Vaticano
663 2887 718 2921 cum
729 2873 841 2928 Faeruo,
859 2872 1112 2930 Murero,Lambino,

228 2937 255 2983 Ρ.
270 2936 399 2989 minutio,
426 2951 469 2984 uos
480 2936 498 2986 fi
511 2941 627 2985 Gruterus
641 2935 750 2992 vidiffet‚
758 2948 784 2984 ue
796 2950 826 2984 ex
838 2936 889 2996 ejus
901 2936 968 2983 notis
980 2935 1112 3002 intelligia,

229 2997 307 3049 etiam
317 2999 396 3064 recepi
416 3012 448 3046 et.
465 3004 540 3049 Greu.

263 3079 300 3119 35.
319 3065 360 3109 ,Ab
376 3067 416 3110 huc
431 3065 559 3125 religionum
573 3063 759 3126 perturbatione]
775 3065 804 3110 1..
816 3077 840 3111 v.
854 3060 944 3126 partim
956 3059 1002 3116 iic,
1019 3063 1061 3108 Ab
1073 3066 1114 3112 lue

224 3128 385 3189 perturbatione
397 3129 540 3189 religionum:
558 3125 687 3182 nonnulli,
705 3129 747 3172 ,Ab
762 3130 800 3172 hac
813 3128 972 3187 perturbacione
988 3127 1114 3186 regionum:

173 3184 184 3191 ”
230 3204 293 3253 quos
309 3191 385 3239 eriam
402 3189 480 3254 magis
497 3189 589 3253 probo:
607 3201 633 3236 ur
649 3204 701 3236 non
718 3187 749 3236 ad
767 3187 870 3252 auspicia
881 3186 1011 3241 referatur,
1028 3183 1069 3234 sed
1082 3188 1128 3248 ad·

228 3250 269 3310 id,
286 3253 354 3315 quod
370 3253 521 3302 territorium
538 3256 627 3315 capue
645 3253 766 3300 minuerat
784 3249 945 3315 catilinoque
962 3248 1119 3303 attribuerat.

227 3313 252 3362 Si
269 3315 323 3377 quis
334 3327 418 3364 tamen
428 3316 491 3364 illud
502 3316 606 3364 alterum
617 3313 801 3378 sequatur,non
811 3313 960 3378 repugnabo.
977 3311 1115 3365 illudenim

227 3390 287 3426 cum
299 3391 329 3424 eo
341 3376 539 3436 faeereviderur,
557 3378 624 3443 quod
637 3378 705 3442 supra
723 3377 799 3433 dixit,
818 3382 884 3426 omui
901 3377 1046 3440 auspiciorum
1058 3383 1114 3439 jure

226 3441 312 3490 turbare
326 3442 439 3497 Cufilr'num
450 3447 555 3491 coloniam
565 3443 679 3500 deduxisti.
698 3442 827 3490 Ferrarius.

261 3510 301 3566 ,σς
318 3504 377 3564 Etfi
385 3507 412 3556 el
422 3507 504 3569 bedu}
519 3505 575 3559 uolt
586 3506 637 3559 hac
649 3503 723 3557 verba
733 3503 854 3558 addantur
864 3503 917 3558 dua
928 3501 1118 3618 ‹libienenzu-

677 3730 682 3755 l
