2324 3930
166 213 177 235 ,
288 97 785 201 intertrimentum
883 124 968 222 {085

70 231 766 406 arimanniam·narrt
784 239 966 410 tritae

73 386 746 553 lltltrlrll‘ttittlttltlltalis
759 389 968 594 ,iiiiii

77 547 204 607 mortui!
225 549 333 622 Quaero
353 543 507 619 deinceps,
533 560 632 629 num..
658 540 809 628 hodiemus
826 545 885 606 dies
918 551 984 627 quil
1000 558 1056 623 qut,
1070 565 1128 629 ,pp

78 622 258 699 fit‚ignores.
275 620 377 688 nescis,
389 620 449 680 heri
461 629 592 696 quartum
602 635 632 677 in
645 617 731 676 Circo
745 618 822 681 diem
832 622 966 687 ludorum

79 698 282 758 Romanorum
291 694 393 756 furter
413 707 442 755 te
453 695 542 772 ipsum
556 706 652 754 autern
663 693 699 753 ad
711 699 848 831 populum
860 699 965 774 tuliffe,

79 785 112 834 ut
126 777 240 852 quintus
252 784 386 850 praeterea
398 772 455 833 dies
469 772 571 831 Caesari
581 771 745 830 tribueretur
784 792 833 834 cur
844 793 904 836 non
921 778 965 838 su·
1096 827 1104 838 .

83 868 148 911 mus
158 848 335 927 praetextati?
355 866 403 909 cur
415 851 557 910 honorem
571 864 592 895 m
605 846 706 906 Caesari
716 859 764 907 tua
783 850 847 928 lege
866 851 963 918 datum
971 823 1118 934 25⁰²&

50 926 52 933 '
82 925 170 987 deleti
184 924 325 1003 patimur?
345 925 604 1002 ansupplicationes
620 923 751 985 addendo
770 927 846 987 diem
867 942 966 990 conta·
1008 951 1033 999 p,
1044 955 1072 1000 n

82 1004 187 1062 minari
198 1001 286 1080 paffns
299 1018 315 1048 1²
328 1017 357 1060 es
365 1024 374 1071 t
394 1001 547 1079 pulvinaria
557 998 687 1059 noluisti?
705 1013 754 1061 aut
765 1005 888 1084 undique
905 1008 990 1068 reli-n
1005 1013 1098 1081 estet
1141 1026 1146 1036 ·

81 1079 201 1157 gionem
213 1078 299 1147 tolle,
316 1089 364 1136 aut
376 1096 463 1156 usque
483 1093 575 1154 unque
592 1076 732 1136 conserva.
972 1089 988 1120 ι
998 1079 1056 1129 MS.

157 1173 260 1224 uaettt,
279 1155 423 1230 placeatne
435 1156 473 1213 m'
497 1152 645 1228 ipulvinar
657 1149 727 1222 effe,
746 1154 899 1232 fastigium,
919 1153 1030 1223 fl2.¹11,
1109 1222 1114 1229 Ι

85 1233 208 1292 minem.
225 1231 295 1290 mihi
307 1230 377 1289 verb
396 1230 465 1296 nihil
480 1230 595 1297 illorum
608 1228 707 1303 placet.
722 1228 770 1291 sed
781 1242 827 1302 tu,
845 1238 895 1312 qui
907 1239 968 1300 adia

87 1308 204 1367 Caesaris
221 1305 362 1376 defendis,
381 1306 450 1384 quid
468 1317 549 1383 potes
568 1304 675 1374 dicere,
695 1321 745 1365 cur
757 1306 808 1367 alia
820 1309 970 1389 defendas,

85 1385 141 1444 alia
155 1402 216 1443 non
230 1381 382 1442 curesiniii
396 1380 470 1442 fortd
483 1383 525 1440 vis
536 1381 666 1450 fateri,te
679 1383 776 1443 omnia
788 1386 893 1463 quaestu
906 1403 969 1464 tuo,

85 1477 148 1520 non
161 1460 232 1520 illius
242 1460 374 1536 dignitate
386 1460 487 1518 metiri.
511 1457 589 1533 Quid
602 1457 637 1525 ad
649 1458 711 1516 haec
722 1460 858 1522 tandem?
877 1466 971 1556 exspe-

87 1536 136 1596 eto
149 1553 164 1583 0
177 1537 254 1596 enim
268 1537 460 1613 eloquentiam
478 1546 567 1593 tuam.
584 1533 783 1595 distrnffimum
803 1554 928 1615 cognovr
941 1563 971 1604 a·
980 1564 997 1599 ο
1013 1553 1081 1604 enim

42 1638 46 1669 :
86 1630 159 1674 vum
172 1624 254 1672 tuum
262 1631 270 1669 ι
279 1623 307 1671 at
319 1625 348 1670 te
359 1613 445 1671 etiam
458 1611 626 1686 apertiorem
639 1611 670 1669 in
683 1609 813 1671 dicendo.
830 1616 876 1674 ille
888 1615 1130 1685 num-aetnam*

87 1706 177 1769 quam
191 1688 280 1749 nudus
292 1687 330 1749 est
343 1690 539 1750 concionatus:
552 1700 633 1746 mum
645 1686 769 1746 hominis
781 1686 910 1767 iimplicis
915 1715 974 1837 gg,

54 1946 57 1953 ·
88 1911 142 1969 dit,
159 1911 202 1976 qui
219 1906 308 1960 casati
323 1920 375 1959 tarn
391 1908 484 1970 abicite
499 1906 577 1958 fuerat
593 1909 719 1966 adulatus,
736 1913 849 1961 utetiam
860 1908 973 1964 sacerdo·

87 1978 154 2026 tium
164 1977 215 2036 ejus
227 1974 318 2023 honori
327 1974 437 2023 dicatum
448 1973 584 2023 ambiverir.
601 1973 796 2023 videtur‘autem
808 1977 932 2026 Antonius
942 1976 970 2028 id

88 2038 253 2088 sacerdotium
270 2037 364 2086 calare
378 2038 437 2085 vivo
454 2033 561 2102 periisse,
578 2049 652 2101 atque
668 2037 743 2084 etiam
760 2037 911 2101 impetratis,
928 2038 969 2091 scd

88 2102 145 2168 poll
156 2116 243 2150 necem
254 2100 368 2156 Caesaris,
384 2115 437 2165 quat
448 2101 589 2165 priusquam
599 2100 722 2148 Antonius
734 2099 826 2149 flamen
840 2101 972 2169 inaugura·

88 2179 157 2216 retur
173 2164 315 2229 obtigerat,
338 2165 477 2228 inaugmati
493 2160 602 2212 noluilse.
636 2167 734 2211 Norant
752 2165 896 2227 interpretes
912 2167 971 2217 hinc

88 2231 168 2280 etiarn
179 2228 379 2294 indignationem
389 2224 559 2292 augeri‚.qubd
570 2228 693 2275 Antonius
704 2224 804 2276 Caesaris
814 2229 972 2292 tyrannidem

89 2294 168 2342 vellet
179 2293 279 2342 imitari.
297 2291 343 2339 Sed
355 2287 531 2340 stomachosror
540 2290 616 2338 etiam
627 2290 671 2338 illa
681 2291 849 2354 comparatio,
866 2304 892 2341 ut
901 2293 969 2358 Jori,

90 2369 118 2405 ut
132 2357 223 2412 Marti,
240 2368 265 2403 ut
277 2355 394 2414 Qnirino:
412 2356 455 2420 qui
464 2366 512 2401 tres
525 2353 567 2401 Dii
579 2351 632 2401 suos
645 2353 758 2402 flamines
770 2354 883 2413 Dialem,
900 2361 971 2408 Mar·

90 2420 196 2475 tialem,
212 2419 366 2482 Quirinalem
376 2433 390 2466 a
401 2415 425 2467 se
436 2416 515 2466 distos
526 2415 667 2466 habuerunt.
685 2422 785 2466 Abram.

124 2492 165 2544 48.
183 2489 282 2532 cernon
299 2485 456 2545 inaugurare]
473 2485 523 2529 cur
539 2493 591 2526 non
609 2478 724 2529 Sacerdos
740 2481 879 2532 &Flamen
890 2483 972 2549 Julius

111 2561 137 2595 et
149 2559 264 2610 augurem
275 2546 348 2593 certis
358 2542 505 2609 quibusdam
515 2542 600 2590 ritibus
610 2542 756 2592 consecratis
763 2578 770 2601 ,
777 2543 911 2612 divinoque
917 2553 973 2598 cas·

91 2561 155 2659 iaris
166 2609 242 2658 cultui
252 2607 384 2657 dedicatis?
400 2606 541 2672 lnaugurati
550 2603 674 2664 dicuntur,
691 2606 734 2672 qui
743 2608 816 2655 certis
826 2610 972 2674 quibusdam
1040 2608 1044 2612 ’

93 2673 183 2722 ritibus
197 2674 222 2721 br
239 2672 380 2720 cerimoniis
396 2671 526 2720 initiantur
542 2682 570 2716 ac
580 2666 715 2718 sacerdotio
730 2667 884 2734 deputantur.
916 2678 973 2722 No·

94 2735 143 2785 fler
153 2735 228 2784 initio
238 2734 295 2783 libri
307 2732 337 2781 de
349 2736 430 2797 claris
441 2731 599 2789 Oratoribus,
610 2731 641 2780 de
652 2731 798 2781 Hortenliot
815 2739 909 2784 lateritia
918 2739 973 2788 talis
989 2776 993 2783 ,

93 2803 205 2862 «Λιιμνίε
213 2801 341 2861 dignitatem
350 2799 418 2857 nostri
426 2800 512 2859 collegii
520 2797 654 2843 deminutam
668 2797 779 2843 dolebam:
795 2814 840 2861 qua
855 2802 878 2846 in
891 2803 975 2862 'cogita-

36 2859 38 2864 '
92 2866 154 2911 tione
170 2863 197 2914 dr·
214 2875 333 2923 cooptatum
350 2879 382 2909 me
394 2865 420 2908 ai
436 2879 458 2907 eo
475 2865 500 2906 in
514 2862 626 2921 collegium
642 2861 773 2908 recordabar.
791 2863 815 2907 in
830 2877 871 2926 qno
885 2868 974 2924 juratas

87 2929 204 2988 iudicium
225 2927 340 2985 dr‘gm'tatis
356 2942 404 2971 mea
416 2924 497 2982 fecerat
513 2923 539 2973 ir
556 2925 711 2985 inauguratur»
727 2923 755 2972 ab
770 2927 862 2972 eodem.-
888 2944 915 2973 εκ
930 2943 974 2992 qao

36 3005 41 3013 ·
96 2995 222 3052 «Augurum
233 2987 373 3045 institutisin
380 2991 478 3047 parentis
492 3002 541 3032 eum
555 2987 599 3032 loco
615 2990 680 3036 colere
694 2987 800 3041 debebam,
831 2992 893 3037 lnau
910 2990 975 3041 utari

97 3064 182 3100 aurem
200 3050 325 3106 dicuntur,
342 3048 409 3114 quod
426 3063 456 3097 au
474 3063 542 3097 utem
558 3048 597 3097 his
613 3048 793 3098 initiationibus
809 3040 868 3099 {dni
916 3063 974 3110 ant,

97 3116 119 3163 is
139 3130 169 3163 ue
180 3128 269 3178 augur,
286 3125 406 3177 quantum
416 3127 430 3161 e
441 3064 571 3161 liutarcho
582 3114 610 3160 in
622 3120 705 3161 Numa
716 3113 802 3179 colligi
812 3112 983 3185 potellnigtro'
1044 3114 1046 3118 '

41 3219 44 3222 ,
96 3196 111 3225 a
126 3179 203 3234 astent,
220 3181 246 3228 (a
258 3181 346 3225 dextera
355 3194 422 3224 mann
432 3179 579 3238 inaugurandi
588 3189 650 3240 caput
661 3181 778 3239 attingens,
787 3181 914 3241 precabatur
918 3182 982 3237 ,ffl-

96 3241 164 3291 vide.
182 3242 302 3297 Carmina
312 3254 371 3288 vero
382 3252 524 3303 certumque
534 3240 704 3303 precationum
715 3255 792 3305 genus
803 3237 910 3292 habuiffe
920 3257 983 3309 tons

99 3304 147 3353 stat
158 3319 188 3353 ex
200 3303 269 3368 Julio
281 3304 427 3366 capitolino
439 3305 466 3353 in
478 3305 565 3351 Marco
577 3301 741 3366 Philosopho:
759 3306 814 3353 Fuit
828 3308 853 3352 in
870 3313 896 3353 eo·
904 3309 985 3356 Suer-

97 3372 157 3416 dotio
168 3370 195 3420 dr
208 3369 303 3426 Prafirl,
320 3370 346 3419 do·
360 3374 435 3422 Vates,
452 3365 607 3430 &maginem
629 3368 655 3419 dt·
666 3369 746 3414 maltos
761 3371 906 3431 inauguravit
920 3383 987 3435 atqu

96 3433 265 3494 exauguravit,
281 3433 365 3485 armins
377 3444 497 3497 praeunte,
512 3432 570 3499 qaod
592 3429 635 3496 ipss
654 3433 753 3481 carmina
775 3433 851 3483 tunna
871 3433 990 3496 didicisse.

100 3494 183 3563 idem,
803 3528 811 3549 .·

212 3564 215 3570 ’
888 3575 929 3623 qs,
944 3564 1002 3610 Cu·
