2324 3930
265 138 524 211 Purrrrrrca
544 142 741 211 Oc'rnvrr.
863 140 946 227 3185

58 244 138 305 imm
149 244 239 325 ipsum
253 248 376 326 agimus,
384 266 422 307 ne
434 248 497 385 puis
510 246 629 325 posthac·
639 247 777 322 ejusmodi
789 246 945 383 puidquam

150 323 285 401 polliceri.
313 327 421 387 Invitus
454 326 516 395 ico,
535 325 582 385 sed
602 324 754 386 dicendum
774 344 790 383 e
813 367 822 383 .
858 324 945 383 Hasta

138 403 189 472 ris,
207 412 296 479 putres
314 403 418 461 conseri
439 403 478 471 ti,
498 402 591 461 multis
609 402 745 480 improbis
763 403 794 460 &
812 400 887 477 spem
901 402 943 459 af-

53 476 111 537 lert
132 476 163 535 δι
182 476 337 537 audaciam.
355 495 368 525 c
383 420 512 537 viderunt
532 480 609 537 enim
622 498 657 539 ex
671 478 808 538 mendicis
827 476 885 535 fieri
898 480 1014 558 res-esui
1032 488 1101 541 enim

54 552 145 629 pentd
161 552 270 613 divites.
288 556 384 632 itaque
403 554 508 613 hastam
529 556 638 632 semper
658 554 891 629 videre·cupiunt
904 544 1088 620 ii,d¹d¹ct1unl

55 628 217 718 quilnostris
229 631 311 690 bonis
323 631 489 692 imminent:
503 634 602 709 quibus
614 634 711 693 omnia
724 630 870 709 pollicetur
881 630 942 688 An·
952 614 1025 663 ΙΝ·

55 716 162 768 tomus.

73 850 76 855 ,
94 785 177 863 Quid
190 787 205 831 d
218 784 292 845 nos?
306 784 403 845 nostris
414 786 578 849 exercitibus
593 786 660 865 quid
675 784 860 863 pollicemur?
869 784 940 845 mni·
952 796 987 840 10

57 860 90 921 rb
104 862 224 921 meliora
243 875 271 920 at
292 880 328 921 ue
342 862 458 939 majora.
496 865 638 923 Scelerum
654 866 730 923 enim
752 864 895 939 promiffio
911 856 966 921 &d
982 854 1102 909 '0⁸²⁴11'1'·

56 938 106 1009 iis,
126 939 177 1016 qui
191 880 364 1015 exspedlanr,
385 941 538 1015 perniciosa
560 944 613 1009 eli;
636 942 665 999 ὅ(
684 940 736 1009 iis,
756 942 805 1075 elui
824 941 943 1017 promit-

54 1024 128 1075 tunt.
149 1016 212 1074 Nos
225 1016 322 1075 nostris
336 1015 468 1075 militibus
481 1018 652 1081 libertatem,
669 1018 749 1093 jura,
777 1034 857 1093 egeS,
865 1017 943 1094 judi·

57 1090 119 1162 cia,
139 1092 290 1167 imperium
304 1092 378 1152 orbis
392 1106 490 1161 terrae,
511 1093 691 1167 dignitatern,
711 1110 829 1169 pacem,
850 1098 942 1156 otium

97 1168 234 1227 llicernur.
254 1170 375 1226 Antonii
389 1168 470 1242 igitur
483 1168 631 1243 promissa,
641 1181 754 1226 cruenta
764 1182 857 1238 ,taetra
867 1172 942 1241 ,ice-

68 1256 160 1317 erata,
181 1244 231 1304 diis
251 1244 469 1319 hominibusque
482 1245 587 1313 invisa,
607 1261 661 1302 nec
674 1244 816 1313 diuturna,
832 1265 885 1304 nec
900 1249 914 1306 s
926 1281 941 1293 ·

47 1323 172 1403 ¹lutaria:
191 1321 283 1379 nostra
298 1320 397 1379 contra
417 1320 549 1391 honesta,
569 1323 693 1397 integra,
709 1321 842 1397 gloriosa,
857 1324 940 1398 plena

20 1416 24 1423 '
56 1398 182 1467 laetitiae,
201 1398 281 1474 plena
295 1398 412 1471 pietatis.

98 1476 153 1535 IV.
172 1475 246 1533 Hic
268 1492 357 1531 nrrrr
376 1474 461 1533 etiam
480 1477 520 1551 Q.
532 1474 641 1546 Fufius,
660 1476 703 1535 vir
723 1477 801 1535 fortis
822 1494 855 1535 ac
874 1475 984 1536 lire-ss

55 1552 846 1627 uuus,amicusmeus,paciscommodacommemorar.
884 1554 940 1613 uasr
1008 1566 1011 1571 '

56 1628 174 1699 verimi
189 1627 323 1685 laudanda
331 1645 391 1761 pax
403 1626 485 1697 eliet,
499 1646 553 1705 ego
567 1645 580 1675 e
594 1627 623 1685 id
635 1628 717 1703 aequd
730 1572 885 1689 commodd
899 1632 963 1688 fae
979 1634 1047 1688 idem

57 1702 313 1780 cerenorrpollem.
342 1704 498 1763 emelenim
512 1722 612 1781 pacem
627 1703 824 1773 defendi,non
831 1706 938 1780 semper
951 1715 1046 1751 comm.

57 1788 122 1846 otio
133 1782 222 1841 studui
232 1780 324 1857 :quod
335 1780 402 1839 'cum
416 1783 546 1841 omnibus
558 1780 639 1840 bonis
653 1781 720 1838 utile
735 1780 855 1849 eli,tum
870 1800 938 1856 prae·
949 1768 1019 1815 MSS·
1033 1765 1061 1817 θ

58 1858 143 1939 cipud
158 1859 234 1917 mihi.
273 1861 370 1932 Quem
391 1858 467 1914 enim
482 1860 590 1917 curium
602 1857 731 1916 industria
743 1874 807 1915 mea
819 1862 832 1902 f
843 1870 939 1916 tenere
947 1828 1078 1939 ‘fddssrqv'gg‘

57 1934 205 2016 potuillet,
227 1934 283 1991 line
296 1932 448 1990 forenlibns
461 1934 565 2003 causrs,
583 1933 640 1991 line
652 1935 771 2009 legibus,
791 1933 847 1991 sme
863 1934 938 2009 judi·
949 1956 1002 2003 ms,

59 2014 132 2077 ciis?
151 2030 216 2089 quae
230 2008 354 2067 ellenon
367 2006 493 2084 poliunt,
512 2010 589 2069 civili
602 2026 670 2085 pace
682 2011 791 2069 lubiata.

99 2090 155 2150 Sed
168 2089 281 2164 quaelo,
300 2084 422 2153 Calene,
442 2086 528 2161 quid?
548 2099 580 2146 tu
592 2088 752 2145 servitutem
772 2100 870 2162 pacem
885 2104 938 2146 vo·
951 2114 983 2156 rr.
1016 2104 1042 2151 1·-
1054 2099 1084 2149 Β.

58 2167 127 2229 cas?
147 2165 270 2237 Maiores
282 2161 396 2238 quidem
411 2162 494 2220 nollri
506 2182 566 2223 non
580 2162 687 2232 modo,
706 2175 737 2221 ut
748 2163 825 2222 liberi
837 2161 938 2234 elient,

56 2246 106 2309 sed
119 2244 222 2309 eriam,
242 2254 273 2297 ut
288 2241 473 2312 imperarent,
493 2258 569 2299 arma
590 2240 748 2315 capiebant:
768 2253 796 2297 at
815 2254 846 2298 tu
862 2258 940 2299 arma
1004 2272 1008 2279 ·

57 2319 214 2396 abjicienda
229 2315 336 2383 censes,
356 2327 388 2372 ur
405 2314 562 2375 serviamus.
600 2320 675 2391 Quae
695 2317 773 2374 causa
788 2317 885 2392 justior
902 2318 940 2376 est

58 2398 126 2461 belli
145 2394 259 2470 gerendi
278 2390 363 2471 quam
383 2393 519 2450 servitutis
538 2392 682 2467 depulsro?
702 2395 731 2450 in
749 2410 804 2468 qua
819 2393 939 2453 etiamst

58 2493 122 2536 non
137 2471 169 2529 fit
182 2469 311 2528 molestus
323 2467 571 2527 dominusztamen
585 2469 623 2525 est
637 2469 819 2527 miserrimum
830 2467 939 2544 ,polie,

34 2566 38 2573 “
60 2549 172 2613 livelit.
194 2559 221 2586 ¹²
237 2543 334 2606 Immo
348 2545 409 2604 aliae
431 2545 518 2604 causae
535 2545 630 2623 juliam
650 2546 713 2604 haec
732 2544 879 2605 neceliaria
893 2547 941 2679 elis.

889 2638 941 2683 mr

164 2801 230 2848 Verba
237 2800 353 2860 fiacerdoris
363 2799 460 2860 referunt
464 2800 591 2863 geminata,
606 2801 709 2863 uiamque

163 2868 272 2912 ,Areada
281 2865 380 2927 prestant
391 2865 417 2914 da·
430 2882 494 2919 voce,
511 2867 537 2914 dr
549 2876 618 2909 mente
624 2864 735 2922 favorem.

62 2926 190 2992 Euripides
201 2939 283 2974 aurem
300 2927 327 2973 in
338 2926 418 2991 Iphig.
437 2927 501 2977 Eris
515 2928 546 2989 Δι’
558 2927 579 2975 e'r
592 2926 673 2990 μέσῳ,
688 2923 844 2983 uerticem,
861 2920 942 2993 ricla

59 2991 86 3046 {is
98 2996 182 3049 μέλον,
199 2989 305 3049 mamito
319 2990 412 3047 circiter,
429 2989 465 3051 roi
480 2996 545 3051 arpii
559 2991 650 3053 ςρατῷ.
667 2991 795 3038 Ferrarius.

99 3072 136 3104 12.
155 3063 223 3101 Immo
235 3057 282 3099 alia
292 3055 356 3114 causa
362 3058 443 3114 justa.]
459 3055 587 3109 Nuttmel
597 3070 651 3107 non,
663 3052 757 3100 videtur
768 3051 853 3100 deessc.
873 3056 940 3102 Idem.

64 3127 134 3167 Immo
145 3122 192 3165 alia
202 3118 331 3176 carrsajusta
343 3135 368 3162 ar
380 3118 493 3178 neccssaria
505 3118 553 3175 esd]
569 3117 616 3164 Hic
627 3118 709 3172 locus,
718 3114 828 3163 asterisco
840 3128 941 3164 notatus

65 3186 91 3232 δι
106 3184 131 3230 in
144 3180 259 3230 omnibus
275 3180 343 3227 libris
361 3180 427 3227 male
445 3178 551 3236 habens,
567 3179 678 3228 remedio
697 3180 803 3241 antiquat
821 3178 941 3242 scriptura

63 3246 160 3295 sanatur
172 3246 198 3292 in
209 3244 272 3290 hunc
283 3243 402 3300 modum,
419 3247 486 3289 immo
497 3249 545 3290 Δία
554 3247 632 3304 causa,
643 3244 720 3301 ⁸isnin
732 3246 774 3288 inc
782 3246 895 3301 »iecessario
906 3246 943 3302 est.

65 3313 92 3359 δι
106 3311 185 3357 altero
197 3304 277 3363 versu,
295 3322 340 3370 pro
346 3307 452 3366 falleris,
468 3306 600 3370 legendum
617 3309 704 3353 laberis.
725 3305 840 3354 Fa'e'rnus.
873 3313 943 3354 Immo

64 3377 115 3421 alia
125 3372 274 3433 corase-iusta:
291 3375 331 3419 hac
342 3372 455 3427 necessaria
464 3370 518 3429 alh]
541 3371 627 3417 Multa:
646 3369 698 3417 sunt
714 3366 774 3416 belli
792 3369 864 3417 causae
879 3369 943 3423 iustae

66 3436 180 3501 quidem,
197 3432 238 3482 sod
249 3449 300 3481 non
312 3430 455 3482 neceliariat.
473 3444 497 3481 at
509 3431 618 3497 depullio
629 3429 750 3481 servituris
765 3447 815 3479 non
832 3433 891 3493 justa
904 3438 944 3478 lo-

64 3502 135 3561 lum,
151 3496 192 3550 led
203 3500 279 3549 etiarn
291 3495 421 3550 neteliaria
432 3496 474 3613 eliz.
492 3497 519 3545 in
529 3497 584 3544 aliis
595 3496 665 3548 libris
677 3494 887 3563 legebaturrr'mmo
898 3501 946 3540 arra

474 3576 501 3612 rr
517 3576 562 3611 ιη
578 3577 624 3612 rrr
896 3574 949 3607 cert·
