<?xml version="1.0" encoding="UTF-8"?>
<!DOCTYPE html PUBLIC "-//W3C//DTD XHTML 1.0 Transitional//EN"
    "http://www.w3.org/TR/xhtml1/DTD/xhtml1-transitional.dtd">
<html xmlns="http://www.w3.org/1999/xhtml" xml:lang="en" lang="en">
 <head>
  <title>
</title>
<meta http-equiv="Content-Type" content="text/html;charset=utf-8" />
  <meta name='ocr-system' content='tesseract 3.04.00' />
  <meta name='ocr-capabilities' content='ocr_page ocr_carea ocr_par ocr_line ocrx_word'/>
</head>
<body>
  <div class='ocr_page' id='page_1' title='image "./marcitulliicice03pedigoog_0396.png"; bbox 0 0 2324 3930; ppageno 0'>
   <div class='ocr_carea' id='block_1_1' title="bbox 213 135 933 229">
    <p class='ocr_par' dir='ltr' id='par_1_1' title="bbox 213 135 933 229">
     <span class='ocr_line' id='line_1_1' title="bbox 213 135 933 229; baseline 0.01 -23"><span class='ocrx_word' id='word_1_1' title='bbox 213 138 418 222; x_wconf 80' lang='lat' dir='ltr'>Auruounm</span> <span class='ocrx_word' id='word_1_2' title='bbox 438 138 524 206; x_wconf 76' lang='lat' dir='ltr'>ner</span> <span class='ocrx_word' id='word_1_3' title='bbox 545 157 582 205; x_wconf 83' lang='lat' dir='ltr'>m</span> <span class='ocrx_word' id='word_1_4' title='bbox 603 135 768 206; x_wconf 77' lang='lat' dir='ltr'>Exitium.</span> <span class='ocrx_word' id='word_1_5' title='bbox 852 160 933 229; x_wconf 85' lang='lat'><em>3335</em></span> 
     </span>
    </p>
   </div>
   <div class='ocr_carea' id='block_1_2' title="bbox 10 240 1049 3142">
    <p class='ocr_par' dir='ltr' id='par_1_2' title="bbox 54 240 935 548">
     <span class='ocr_line' id='line_1_2' title="bbox 54 240 932 324; baseline 0.002 -22"><span class='ocrx_word' id='word_1_6' title='bbox 54 240 211 324; x_wconf 75' lang='lat' dir='ltr'>vestrasque</span> <span class='ocrx_word' id='word_1_7' title='bbox 231 242 354 305; x_wconf 71' lang='lat' dir='ltr'>maxime</span> <span class='ocrx_word' id='word_1_8' title='bbox 372 254 497 313; x_wconf 81' lang='lat' dir='ltr'><strong>mentes,</strong></span> <span class='ocrx_word' id='word_1_9' title='bbox 516 259 564 301; x_wconf 89' lang='lat' dir='ltr'>me</span> <span class='ocrx_word' id='word_1_10' title='bbox 582 259 641 302; x_wconf 91' lang='lat' dir='ltr'>non</span> <span class='ocrx_word' id='word_1_11' title='bbox 660 242 727 301; x_wconf 84' lang='lat' dir='ltr'>vitae</span> <span class='ocrx_word' id='word_1_12' title='bbox 746 244 932 321; x_wconf 84' lang='lat' dir='ltr'>turpitudine,</span> 
     </span>
     <span class='ocr_line' id='line_1_3' title="bbox 55 320 934 399; baseline 0.003 -22"><span class='ocrx_word' id='word_1_13' title='bbox 55 335 117 379; x_wconf 89' lang='lat' dir='ltr'>non</span> <span class='ocrx_word' id='word_1_14' title='bbox 129 337 182 397; x_wconf 89' lang='lat' dir='ltr'>pro</span> <span class='ocrx_word' id='word_1_15' title='bbox 197 320 385 399; x_wconf 84' lang='lat' dir='ltr'>magnitudine</span> <span class='ocrx_word' id='word_1_16' title='bbox 396 320 611 389; x_wconf 88' lang='lat' dir='ltr'>scelerum,non</span> <span class='ocrx_word' id='word_1_17' title='bbox 623 328 734 394; x_wconf 86' lang='lat' dir='ltr'>propter</span> <span class='ocrx_word' id='word_1_18' title='bbox 740 320 788 379; x_wconf 93' lang='lat' dir='ltr'>reii</span> <span class='ocrx_word' id='word_1_19' title='bbox 809 338 853 379; x_wconf 86' lang='lat' dir='ltr'>uae</span> <span class='ocrx_word' id='word_1_20' title='bbox 866 334 934 381; x_wconf 80' lang='lat' dir='ltr'>aeta·</span> 
     </span>
     <span class='ocr_line' id='line_1_4' title="bbox 56 338 933 530; baseline 0.008 -78"><span class='ocrx_word' id='word_1_21' title='bbox 56 395 91 482; x_wconf 74' lang='lat' dir='ltr'>tis</span> <span class='ocrx_word' id='word_1_22' title='bbox 103 396 248 456; x_wconf 79' lang='lat' dir='ltr'>infamiam</span> <span class='ocrx_word' id='word_1_23' title='bbox 258 440 267 468; x_wconf 92' lang='lat'>,</span> <span class='ocrx_word' id='word_1_24' title='bbox 279 413 376 473; x_wconf 70' lang='lat' dir='ltr'>peenas</span> <span class='ocrx_word' id='word_1_25' title='bbox 383 399 447 471; x_wconf 86' lang='lat' dir='ltr'>jure</span> <span class='ocrx_word' id='word_1_26' title='bbox 460 396 489 454; x_wconf 89' lang='lat'>&amp;</span> <span class='ocrx_word' id='word_1_27' title='bbox 502 394 563 471; x_wconf 87' lang='lat' dir='ltr'>lege</span> <span class='ocrx_word' id='word_1_28' title='bbox 574 395 743 530; x_wconf 54' lang='lat' dir='ltr'>Sicuonem:</span> <span class='ocrx_word' id='word_1_29' title='bbox 762 338 808 456; x_wconf 57' lang='lat' dir='ltr'>seg</span> <span class='ocrx_word' id='word_1_30' title='bbox 820 409 933 474; x_wconf 89' lang='lat' dir='ltr'>propter</span> 
     </span>
     <span class='ocr_line' id='line_1_5' title="bbox 54 471 935 548; baseline 0.007 -18"><span class='ocrx_word' id='word_1_31' title='bbox 54 475 167 531; x_wconf 81' lang='lat' dir='ltr'>virtutis</span> <span class='ocrx_word' id='word_1_32' title='bbox 177 473 310 534; x_wconf 84' lang='lat' dir='ltr'>invidiam</span> <span class='ocrx_word' id='word_1_33' title='bbox 320 486 447 548; x_wconf 88' lang='lat' dir='ltr'>,propter</span> <span class='ocrx_word' id='word_1_34' title='bbox 455 471 572 546; x_wconf 90' lang='lat' dir='ltr'>jucundi</span> <span class='ocrx_word' id='word_1_35' title='bbox 604 489 681 530; x_wconf 78' lang='lat' dir='ltr'>mam</span> <span class='ocrx_word' id='word_1_36' title='bbox 694 473 798 548; x_wconf 88' lang='lat' dir='ltr'>ingenii</span> <span class='ocrx_word' id='word_1_37' title='bbox 812 473 935 545; x_wconf 85' lang='lat' dir='ltr'>laudem,</span> 
     </span>
    </p>

    <p class='ocr_par' dir='ltr' id='par_1_3' title="bbox 10 547 936 626">
     <span class='ocr_line' id='line_1_6' title="bbox 10 547 936 626; baseline 0.01 -23"><span class='ocrx_word' id='word_1_38' title='bbox 10 551 15 559; x_wconf 87' lang='grc'><strong>“</strong></span> <span class='ocrx_word' id='word_1_39' title='bbox 43 548 172 623; x_wconf 73' lang='lat' dir='ltr'>‘propter</span> <span class='ocrx_word' id='word_1_40' title='bbox 183 549 404 626; x_wconf 82' lang='lat' dir='ltr'>magnitudinem</span> <span class='ocrx_word' id='word_1_41' title='bbox 417 564 508 607; x_wconf 89' lang='lat' dir='ltr'>rerum</span> <span class='ocrx_word' id='word_1_42' title='bbox 523 548 676 623; x_wconf 82' lang='lat' dir='ltr'>gestatum,</span> <span class='ocrx_word' id='word_1_43' title='bbox 696 547 877 608; x_wconf 71' lang='lat' dir='ltr'>crudeliffimd</span> <span class='ocrx_word' id='word_1_44' title='bbox 897 555 936 612; x_wconf 88' lang='lat' dir='ltr'>ci·</span> 
     </span>
    </p>

    <p class='ocr_par' dir='ltr' id='par_1_4' title="bbox 57 623 937 701">
     <span class='ocr_line' id='line_1_7' title="bbox 57 623 937 701; baseline 0.009 -22"><span class='ocrx_word' id='word_1_45' title='bbox 57 623 145 701; x_wconf 69' lang='lat' dir='ltr'>vitate</span> <span class='ocrx_word' id='word_1_46' title='bbox 155 626 266 701; x_wconf 85' lang='lat' dir='ltr'>privari.</span> <span class='ocrx_word' id='word_1_47' title='bbox 284 624 373 701; x_wconf 83' lang='lat' dir='ltr'>Qudd</span> <span class='ocrx_word' id='word_1_48' title='bbox 385 624 405 684; x_wconf 87' lang='lat' dir='ltr'>fi</span> <span class='ocrx_word' id='word_1_49' title='bbox 416 623 491 683; x_wconf 89' lang='lat' dir='ltr'>idern</span> <span class='ocrx_word' id='word_1_50' title='bbox 505 623 606 682; x_wconf 81' lang='lat' dir='ltr'>accidit</span> <span class='ocrx_word' id='word_1_51' title='bbox 617 625 655 699; x_wconf 90' lang='lat' dir='ltr'>Q.</span> <span class='ocrx_word' id='word_1_52' title='bbox 667 624 838 700; x_wconf 83' lang='lat' dir='ltr'>Caepioni,sr</span> <span class='ocrx_word' id='word_1_53' title='bbox 851 627 937 688; x_wconf 83' lang='lat' dir='ltr'>Man·</span> 
     </span>
    </p>

    <p class='ocr_par' dir='ltr' id='par_1_5' title="bbox 57 697 937 778">
     <span class='ocr_line' id='line_1_8' title="bbox 57 697 937 778; baseline 0.007 -23"><span class='ocrx_word' id='word_1_54' title='bbox 57 697 139 768; x_wconf 91' lang='lat' dir='ltr'>cino,</span> <span class='ocrx_word' id='word_1_55' title='bbox 159 700 180 759; x_wconf 83' lang='lat' dir='ltr'><strong>fi</strong></span> <span class='ocrx_word' id='word_1_56' title='bbox 194 701 300 761; x_wconf 91' lang='lat' dir='ltr'>Rutilio</span> <span class='ocrx_word' id='word_1_57' title='bbox 308 700 394 770; x_wconf 82' lang='lat' dir='ltr'>3mihi</span> <span class='ocrx_word' id='word_1_58' title='bbox 406 716 521 778; x_wconf 90' lang='lat' dir='ltr'>quoque</span> <span class='ocrx_word' id='word_1_59' title='bbox 533 699 590 758; x_wconf 90' lang='lat' dir='ltr'>hoc</span> <span class='ocrx_word' id='word_1_60' title='bbox 604 698 730 759; x_wconf 86' lang='lat' dir='ltr'>accidiffe</span> <span class='ocrx_word' id='word_1_61' title='bbox 744 718 804 759; x_wconf 93' lang='lat' dir='ltr'>non</span> <span class='ocrx_word' id='word_1_62' title='bbox 818 720 937 778; x_wconf 65' lang='lat' dir='ltr'>magno,</span> 
     </span>
    </p>

    <p class='ocr_par' dir='ltr' id='par_1_6' title="bbox 57 776 936 858">
     <span class='ocr_line' id='line_1_9' title="bbox 57 776 936 858; baseline 0.007 -24"><span class='ocrx_word' id='word_1_63' title='bbox 57 790 125 848; x_wconf 88' lang='lat' dir='ltr'>pere</span> <span class='ocrx_word' id='word_1_64' title='bbox 137 777 189 836; x_wconf 86' lang='lat' dir='ltr'>crit</span> <span class='ocrx_word' id='word_1_65' title='bbox 201 778 376 847; x_wconf 83' lang='lat' dir='ltr'>mirandum,</span> <span class='ocrx_word' id='word_1_66' title='bbox 385 777 449 836; x_wconf 79' lang='lat' dir='ltr'>cum</span> <span class='ocrx_word' id='word_1_67' title='bbox 463 776 611 852; x_wconf 75' lang='lat' dir='ltr'>praesertim</span> <span class='ocrx_word' id='word_1_68' title='bbox 624 793 683 836; x_wconf 90' lang='lat' dir='ltr'>non</span> <span class='ocrx_word' id='word_1_69' title='bbox 697 777 804 852; x_wconf 85' lang='lat' dir='ltr'>generis</span> <span class='ocrx_word' id='word_1_70' title='bbox 815 782 936 858; x_wconf 83' lang='lat' dir='ltr'>antiqui-</span> 
     </span>
    </p>

    <p class='ocr_par' dir='ltr' id='par_1_7' title="bbox 56 851 939 989">
     <span class='ocr_line' id='line_1_10' title="bbox 56 851 939 984; baseline 0.009 -76"><span class='ocrx_word' id='word_1_71' title='bbox 56 860 135 984; x_wconf 57' lang='lat' dir='ltr'>}ate,</span> <span class='ocrx_word' id='word_1_72' title='bbox 153 851 318 914; x_wconf 83' lang='lat' dir='ltr'>sed&#39;virtutis</span> <span class='ocrx_word' id='word_1_73' title='bbox 332 854 502 914; x_wconf 84' lang='lat' dir='ltr'>ornamentis</span> <span class='ocrx_word' id='word_1_74' title='bbox 514 853 652 912; x_wconf 83' lang='lat' dir='ltr'>summam</span> <span class='ocrx_word' id='word_1_75' title='bbox 672 852 784 912; x_wconf 80' lang='lat' dir='ltr'>laudem</span> <span class='ocrx_word' id='word_1_76' title='bbox 804 853 855 914; x_wconf 84' lang='lat' dir='ltr'>iim</span> <span class='ocrx_word' id='word_1_77' title='bbox 869 873 939 917; x_wconf 86' lang='lat' dir='ltr'>con·</span> 
     </span>
     <span class='ocr_line' id='line_1_11' title="bbox 71 941 178 989; baseline 0.047 -5"><span class='ocrx_word' id='word_1_78' title='bbox 71 941 178 989; x_wconf 85' lang='lat' dir='ltr'>ecutut.</span> 
     </span>
    </p>

    <p class='ocr_par' dir='ltr' id='par_1_8' title="bbox 55 1003 989 1983">
     <span class='ocr_line' id='line_1_12' title="bbox 99 1003 976 1084; baseline 0.008 -22"><span class='ocrx_word' id='word_1_79' title='bbox 99 1003 164 1064; x_wconf 86' lang='lat' dir='ltr'><strong>XII.</strong></span> <span class='ocrx_word' id='word_1_80' title='bbox 183 1006 294 1067; x_wconf 84' lang='lat' dir='ltr'>Nunc</span> <span class='ocrx_word' id='word_1_81' title='bbox 311 1023 388 1068; x_wconf 13' lang='lat' dir='ltr'>‘noo</span> <span class='ocrx_word' id='word_1_82' title='bbox 407 1023 480 1074; x_wconf 86' lang='lat' dir='ltr'>vos,</span> <span class='ocrx_word' id='word_1_83' title='bbox 505 1007 612 1082; x_wconf 85' lang='lat' dir='ltr'>equites</span> <span class='ocrx_word' id='word_1_84' title='bbox 630 1007 778 1077; x_wconf 83' lang='lat' dir='ltr'>Romani,</span> <span class='ocrx_word' id='word_1_85' title='bbox 796 1006 976 1084; x_wconf 76' lang='lat' dir='ltr'>obtestoi,29</span> 
     </span>
     <span class='ocr_line' id='line_1_13' title="bbox 58 1081 936 1159; baseline 0.011 -23"><span class='ocrx_word' id='word_1_86' title='bbox 58 1094 183 1156; x_wconf 88' lang='lat' dir='ltr'>quorum</span> <span class='ocrx_word' id='word_1_87' title='bbox 196 1087 299 1159; x_wconf 81' lang='lat' dir='ltr'>virtute</span> <span class='ocrx_word' id='word_1_88' title='bbox 309 1101 417 1144; x_wconf 87' lang='lat' dir='ltr'>nomen</span> <span class='ocrx_word' id='word_1_89' title='bbox 431 1084 594 1141; x_wconf 82' lang='lat' dir='ltr'>Romanum</span> <span class='ocrx_word' id='word_1_90' title='bbox 607 1081 754 1141; x_wconf 72' lang='lat' dir='ltr'>victoriam</span> <span class='ocrx_word' id='word_1_91' title='bbox 768 1102 833 1143; x_wconf 89' lang='lat' dir='ltr'>cum</span> <span class='ocrx_word' id='word_1_92' title='bbox 853 1085 936 1147; x_wconf 80' lang='lat' dir='ltr'>laude</span> 
     </span>
     <span class='ocr_line' id='line_1_14' title="bbox 58 1155 937 1236; baseline 0.008 -22"><span class='ocrx_word' id='word_1_93' title='bbox 58 1155 178 1231; x_wconf 87' lang='lat' dir='ltr'>poffidet</span> <span class='ocrx_word' id='word_1_94' title='bbox 188 1160 382 1236; x_wconf 59' lang='lat' dir='ltr'>conjunctam,</span> <span class='ocrx_word' id='word_1_95' title='bbox 396 1176 518 1236; x_wconf 89' lang='lat' dir='ltr'>quorum</span> <span class='ocrx_word' id='word_1_96' title='bbox 531 1156 609 1217; x_wconf 70' lang='lat' dir='ltr'>fadis</span> <span class='ocrx_word' id='word_1_97' title='bbox 621 1158 773 1233; x_wconf 82' lang='lat' dir='ltr'>gloriantur</span> <span class='ocrx_word' id='word_1_98' title='bbox 785 1162 877 1231; x_wconf 84' lang='lat' dir='ltr'>cives,</span> <span class='ocrx_word' id='word_1_99' title='bbox 888 1160 937 1221; x_wconf 89' lang='lat' dir='ltr'>lae-</span> 
     </span>
     <span class='ocr_line' id='line_1_15' title="bbox 59 1232 937 1313; baseline 0.008 -24"><span class='ocrx_word' id='word_1_100' title='bbox 59 1234 153 1293; x_wconf 80' lang='lat' dir='ltr'>tantur</span> <span class='ocrx_word' id='word_1_101' title='bbox 166 1235 248 1306; x_wconf 90' lang='lat' dir='ltr'>socii,</span> <span class='ocrx_word' id='word_1_102' title='bbox 266 1248 384 1313; x_wconf 86' lang='lat' dir='ltr'>gemunt</span> <span class='ocrx_word' id='word_1_103' title='bbox 394 1234 500 1294; x_wconf 86' lang='lat' dir='ltr'>hostes:</span> <span class='ocrx_word' id='word_1_104' title='bbox 519 1245 565 1304; x_wconf 60' lang='grc' dir='ltr'>ιιι,</span> <span class='ocrx_word' id='word_1_105' title='bbox 586 1232 687 1312; x_wconf 71' lang='lat' dir='ltr'>fierga</span> <span class='ocrx_word' id='word_1_106' title='bbox 699 1252 751 1293; x_wconf 90' lang='lat' dir='ltr'>vos</span> <span class='ocrx_word' id='word_1_107' title='bbox 771 1238 850 1295; x_wconf 91' lang='lat' dir='ltr'>omni</span> <span class='ocrx_word' id='word_1_108' title='bbox 862 1249 937 1296; x_wconf 90' lang='lat' dir='ltr'>tem-</span> 
     </span>
     <span class='ocr_line' id='line_1_16' title="bbox 56 1308 936 1388; baseline 0.01 -22"><span class='ocrx_word' id='word_1_109' title='bbox 56 1324 129 1383; x_wconf 88' lang='lat' dir='ltr'>pore</span> <span class='ocrx_word' id='word_1_110' title='bbox 142 1313 250 1388; x_wconf 78' lang='lat' dir='ltr'>optimd</span> <span class='ocrx_word' id='word_1_111' title='bbox 262 1314 304 1373; x_wconf 84' lang='lat' dir='ltr'>fui</span> <span class='ocrx_word' id='word_1_112' title='bbox 314 1313 466 1381; x_wconf 79' lang='lat' dir='ltr'>animatus,</span> <span class='ocrx_word' id='word_1_113' title='bbox 486 1309 506 1368; x_wconf 90' lang='lat' dir='ltr'>fi</span> <span class='ocrx_word' id='word_1_114' title='bbox 519 1327 583 1368; x_wconf 90' lang='lat' dir='ltr'>mea</span> <span class='ocrx_word' id='word_1_115' title='bbox 594 1308 715 1386; x_wconf 81' lang='lat' dir='ltr'>pericuda</span> <span class='ocrx_word' id='word_1_116' title='bbox 727 1311 851 1386; x_wconf 81' lang='lat' dir='ltr'>neglexi,</span> <span class='ocrx_word' id='word_1_117' title='bbox 867 1313 936 1375; x_wconf 88' lang='lat' dir='ltr'>dum</span> 
     </span>
     <span class='ocr_line' id='line_1_17' title="bbox 57 1383 938 1466; baseline 0.009 -24"><span class='ocrx_word' id='word_1_118' title='bbox 57 1383 195 1447; x_wconf 88' lang='lat' dir='ltr'>timorem</span> <span class='ocrx_word' id='word_1_119' title='bbox 215 1389 232 1448; x_wconf 73' lang='lat' dir='ltr'>d</span> <span class='ocrx_word' id='word_1_120' title='bbox 252 1391 337 1466; x_wconf 83' lang='lat' dir='ltr'>patria</span> <span class='ocrx_word' id='word_1_121' title='bbox 357 1388 564 1464; x_wconf 84' lang='lat' dir='ltr'>propulsarem:</span> <span class='ocrx_word' id='word_1_122' title='bbox 589 1384 620 1444; x_wconf 86' lang='lat' dir='ltr'>-fi</span> <span class='ocrx_word' id='word_1_123' title='bbox 639 1385 721 1464; x_wconf 75' lang='lat' dir='ltr'>aeque</span> <span class='ocrx_word' id='word_1_124' title='bbox 738 1388 828 1446; x_wconf 86' lang='lat' dir='ltr'>liberis</span> <span class='ocrx_word' id='word_1_125' title='bbox 844 1389 938 1450; x_wconf 83' lang='lat' dir='ltr'>vestris</span> 
     </span>
     <span class='ocr_line' id='line_1_18' title="bbox 56 1460 940 1594; baseline 0.007 -75"><span class='ocrx_word' id='word_1_126' title='bbox 56 1463 202 1594; x_wconf 65' lang='lat' dir='ltr'>fleospexi,</span> <span class='ocrx_word' id='word_1_127' title='bbox 221 1483 254 1526; x_wconf 86' lang='lat' dir='ltr'>ac</span> <span class='ocrx_word' id='word_1_128' title='bbox 266 1482 319 1526; x_wconf 85' lang='lat' dir='ltr'>vos</span> <span class='ocrx_word' id='word_1_129' title='bbox 330 1465 486 1541; x_wconf 76' lang='lat' dir='ltr'>parentibus</span> <span class='ocrx_word' id='word_1_130' title='bbox 496 1460 657 1523; x_wconf 82' lang='lat' dir='ltr'>consuestis:</span> <span class='ocrx_word' id='word_1_131' title='bbox 677 1476 709 1522; x_wconf 87' lang='lat' dir='ltr'>ut</span> <span class='ocrx_word' id='word_1_132' title='bbox 725 1480 801 1523; x_wconf 88' lang='lat' dir='ltr'>nunc</span> <span class='ocrx_word' id='word_1_133' title='bbox 822 1483 869 1523; x_wconf 92' lang='lat' dir='ltr'>me</span> <span class='ocrx_word' id='word_1_134' title='bbox 888 1484 940 1525; x_wconf 87' lang='lat' dir='ltr'>ve·</span> 
     </span>
     <span class='ocr_line' id='line_1_19' title="bbox 71 1536 968 1618; baseline 0.007 -22"><span class='ocrx_word' id='word_1_135' title='bbox 71 1536 218 1601; x_wconf 77' lang='lat' dir='ltr'>&#39;tievestris</span> <span class='ocrx_word' id='word_1_136' title='bbox 237 1542 335 1618; x_wconf 89' lang='lat' dir='ltr'>opibus</span> <span class='ocrx_word' id='word_1_137' title='bbox 356 1539 499 1600; x_wconf 87' lang='lat' dir='ltr'>defensum</span> <span class='ocrx_word' id='word_1_138' title='bbox 518 1539 696 1598; x_wconf 90' lang='lat' dir='ltr'>incolumem</span> <span class='ocrx_word' id='word_1_139' title='bbox 710 1540 739 1597; x_wconf 94' lang='lat' dir='ltr'>in</span> <span class='ocrx_word' id='word_1_140' title='bbox 751 1539 804 1599; x_wconf 83' lang='lat' dir='ltr'>hac</span> <span class='ocrx_word' id='word_1_141' title='bbox 825 1541 937 1602; x_wconf 80' lang='lat' dir='ltr'>civitate</span> <span class='ocrx_word' id='word_1_142' title='bbox 963 1567 968 1571; x_wconf 94' lang='lat'>·</span> 
     </span>
     <span class='ocr_line' id='line_1_20' title="bbox 56 1614 938 1695; baseline 0.007 -24"><span class='ocrx_word' id='word_1_143' title='bbox 56 1615 193 1677; x_wconf 83' lang='lat' dir='ltr'>retinere:</span> <span class='ocrx_word' id='word_1_144' title='bbox 213 1636 278 1695; x_wconf 87' lang='lat' dir='ltr'>quae</span> <span class='ocrx_word' id='word_1_145' title='bbox 292 1615 356 1676; x_wconf 74' lang='lat' dir='ltr'>cum</span> <span class='ocrx_word' id='word_1_146' title='bbox 371 1615 528 1675; x_wconf 72' lang='lat' dir='ltr'>dscelerata</span> <span class='ocrx_word' id='word_1_147' title='bbox 540 1616 734 1688; x_wconf 82' lang='lat' dir='ltr'>conjuratione</span> <span class='ocrx_word' id='word_1_148' title='bbox 755 1614 821 1675; x_wconf 87' lang='lat' dir='ltr'>effet</span> <span class='ocrx_word' id='word_1_149' title='bbox 840 1618 938 1678; x_wconf 81' lang='lat' dir='ltr'>incen-</span> 
     </span>
     <span class='ocr_line' id='line_1_21' title="bbox 55 1687 937 1766; baseline 0.008 -19"><span class='ocrx_word' id='word_1_150' title='bbox 55 1687 102 1760; x_wconf 81' lang='lat' dir='ltr'>sa,</span> <span class='ocrx_word' id='word_1_151' title='bbox 122 1708 191 1752; x_wconf 89' lang='lat' dir='ltr'>meo</span> <span class='ocrx_word' id='word_1_152' title='bbox 205 1695 290 1754; x_wconf 75' lang='lat' dir='ltr'>dudiu</span> <span class='ocrx_word' id='word_1_153' title='bbox 302 1711 336 1752; x_wconf 82' lang='lat' dir='ltr'>ac</span> <span class='ocrx_word' id='word_1_154' title='bbox 349 1692 443 1751; x_wconf 78' lang='lat' dir='ltr'>labore</span> <span class='ocrx_word' id='word_1_155' title='bbox 455 1689 579 1752; x_wconf 71' lang='lat' dir='ltr'>restindia</span> <span class='ocrx_word' id='word_1_156' title='bbox 593 1690 644 1749; x_wconf 87' lang='lat' dir='ltr'>est:</span> <span class='ocrx_word' id='word_1_157' title='bbox 664 1707 718 1749; x_wconf 88' lang='lat' dir='ltr'>nec</span> <span class='ocrx_word' id='word_1_158' title='bbox 731 1692 875 1766; x_wconf 83' lang='lat' dir='ltr'>patiamini</span> <span class='ocrx_word' id='word_1_159' title='bbox 888 1712 937 1754; x_wconf 92' lang='lat' dir='ltr'>me</span> 
     </span>
     <span class='ocr_line' id='line_1_22' title="bbox 57 1763 939 1843; baseline 0.008 -20"><span class='ocrx_word' id='word_1_160' title='bbox 57 1763 179 1829; x_wconf 73' lang='lat' dir='ltr'>dliberis</span> <span class='ocrx_word' id='word_1_161' title='bbox 192 1772 263 1831; x_wconf 89' lang='lat' dir='ltr'>meis</span> <span class='ocrx_word' id='word_1_162' title='bbox 275 1768 454 1838; x_wconf 70' lang='lat' dir='ltr'>abstrudum,</span> <span class='ocrx_word' id='word_1_163' title='bbox 473 1767 490 1826; x_wconf 77' lang='lat' dir='ltr'>d</span> <span class='ocrx_word' id='word_1_164' title='bbox 506 1766 627 1843; x_wconf 85' lang='lat' dir='ltr'>conjuge</span> <span class='ocrx_word' id='word_1_165' title='bbox 635 1764 787 1842; x_wconf 69' lang='lat' dir='ltr'>obreptum</span> <span class='ocrx_word' id='word_1_166' title='bbox 804 1809 813 1837; x_wconf 92' lang='lat'>,</span> <span class='ocrx_word' id='word_1_167' title='bbox 833 1769 867 1827; x_wconf 84' lang='lat' dir='ltr'>ab</span> <span class='ocrx_word' id='word_1_168' title='bbox 885 1771 939 1830; x_wconf 80' lang='lat' dir='ltr'>aris</span> 
     </span>
     <span class='ocr_line' id='line_1_23' title="bbox 56 1843 938 1921; baseline 0.001 -17"><span class='ocrx_word' id='word_1_169' title='bbox 56 1843 187 1921; x_wconf 79' lang='lat' dir='ltr'>focisque</span> <span class='ocrx_word' id='word_1_170' title='bbox 198 1847 380 1906; x_wconf 87' lang='lat' dir='ltr'>innocentem</span> <span class='ocrx_word' id='word_1_171' title='bbox 412 1843 550 1918; x_wconf 64' lang='lat' dir='ltr'>rojedum</span> <span class='ocrx_word' id='word_1_172' title='bbox 562 1844 650 1903; x_wconf 81' lang='lat' dir='ltr'>vitam</span> <span class='ocrx_word' id='word_1_173' title='bbox 663 1843 763 1920; x_wconf 85' lang='lat' dir='ltr'>degere</span> <span class='ocrx_word' id='word_1_174' title='bbox 775 1844 805 1903; x_wconf 90' lang='lat' dir='ltr'>in</span> <span class='ocrx_word' id='word_1_175' title='bbox 823 1844 920 1906; x_wconf 80' lang='lat' dir='ltr'>exfilio</span> <span class='ocrx_word' id='word_1_176' title='bbox 927 1888 938 1918; x_wconf 90' lang='lat'>,</span> 
     </span>
     <span class='ocr_line' id='line_1_24' title="bbox 56 1863 989 1983; baseline -0.001 -3"><span class='ocrx_word' id='word_1_177' title='bbox 56 1916 205 1982; x_wconf 85' lang='lat' dir='ltr'>miserrimi</span> <span class='ocrx_word' id='word_1_178' title='bbox 217 1922 340 1983; x_wconf 84' lang='lat' dir='ltr'>mortalis</span> <span class='ocrx_word' id='word_1_179' title='bbox 352 1863 442 1979; x_wconf 47' lang='lat' dir='ltr'>crisim</span> <span class='ocrx_word' id='word_1_180' title='bbox 455 1918 552 1980; x_wconf 85' lang='lat' dir='ltr'>subire.</span> <span class='ocrx_word' id='word_1_181' title='bbox 983 1940 989 1951; x_wconf 72' lang='lat'><strong><em>‘</em></strong></span> 
     </span>
    </p>

    <p class='ocr_par' dir='ltr' id='par_1_9' title="bbox 54 1992 1027 2382">
     <span class='ocr_line' id='line_1_25' title="bbox 96 1992 980 2086; baseline 0.002 -30"><span class='ocrx_word' id='word_1_182' title='bbox 96 1996 244 2074; x_wconf 84' lang='lat' dir='ltr'>Projicitur</span> <span class='ocrx_word' id='word_1_183' title='bbox 254 1998 363 2058; x_wconf 86' lang='lat' dir='ltr'>Tullius</span> <span class='ocrx_word' id='word_1_184' title='bbox 373 1997 403 2055; x_wconf 91' lang='lat' dir='ltr'>in</span> <span class='ocrx_word' id='word_1_185' title='bbox 415 1994 549 2056; x_wconf 77' lang='lat' dir='ltr'>exfilium.</span> <span class='ocrx_word' id='word_1_186' title='bbox 566 1995 606 2055; x_wconf 85' lang='lat' dir='ltr'>At</span> <span class='ocrx_word' id='word_1_187' title='bbox 618 1992 635 2055; x_wconf 74' lang='lat' dir='ltr'>d</span> <span class='ocrx_word' id='word_1_188' title='bbox 648 1992 728 2074; x_wconf 89' lang='lat' dir='ltr'>quo?</span> <span class='ocrx_word' id='word_1_189' title='bbox 745 1996 878 2057; x_wconf 87' lang='lat' dir='ltr'>nimirum</span> <span class='ocrx_word' id='word_1_190' title='bbox 893 1999 934 2058; x_wconf 91' lang='lat' dir='ltr'>in·</span> <span class='ocrx_word' id='word_1_191' title='bbox 942 2024 980 2086; x_wconf 84' lang='lat'>30</span> 
     </span>
     <span class='ocr_line' id='line_1_26' title="bbox 56 2071 935 2148; baseline -0.001 -14"><span class='ocrx_word' id='word_1_192' title='bbox 56 2090 166 2134; x_wconf 82' lang='lat' dir='ltr'>nocens</span> <span class='ocrx_word' id='word_1_193' title='bbox 177 2075 212 2135; x_wconf 84' lang='lat' dir='ltr'>ab</span> <span class='ocrx_word' id='word_1_194' title='bbox 222 2076 357 2143; x_wconf 90' lang='lat' dir='ltr'>inimico,</span> <span class='ocrx_word' id='word_1_195' title='bbox 376 2072 514 2148; x_wconf 82' lang='lat' dir='ltr'>religiosus</span> <span class='ocrx_word' id='word_1_196' title='bbox 528 2073 545 2132; x_wconf 67' lang='lat' dir='ltr'>d</span> <span class='ocrx_word' id='word_1_197' title='bbox 558 2071 857 2144; x_wconf 82' lang='lat' dir='ltr'>scelerato,benivolus</span> <span class='ocrx_word' id='word_1_198' title='bbox 868 2072 935 2137; x_wconf 89' lang='lat' dir='ltr'>huic</span> 
     </span>
     <span class='ocr_line' id='line_1_27' title="bbox 55 2148 1027 2237; baseline 0.001 -28"><span class='ocrx_word' id='word_1_199' title='bbox 55 2150 165 2209; x_wconf 78' lang='lat' dir='ltr'>civitati</span> <span class='ocrx_word' id='word_1_200' title='bbox 177 2151 211 2210; x_wconf 71' lang='lat' dir='ltr'>‘ab</span> <span class='ocrx_word' id='word_1_201' title='bbox 223 2151 310 2211; x_wconf 83' lang='lat' dir='ltr'>hoste.</span> <span class='ocrx_word' id='word_1_202' title='bbox 328 2150 357 2209; x_wconf 95' lang='lat' dir='ltr'>O</span> <span class='ocrx_word' id='word_1_203' title='bbox 372 2148 469 2208; x_wconf 85' lang='lat' dir='ltr'>misem</span> <span class='ocrx_word' id='word_1_204' title='bbox 483 2149 549 2208; x_wconf 86' lang='lat' dir='ltr'>vitae</span> <span class='ocrx_word' id='word_1_205' title='bbox 563 2149 651 2220; x_wconf 83' lang='lat' dir='ltr'>ratio,</span> <span class='ocrx_word' id='word_1_206' title='bbox 674 2166 739 2237; x_wconf 86' lang='lat' dir='ltr'>quae</span> <span class='ocrx_word' id='word_1_207' title='bbox 751 2150 860 2210; x_wconf 82' lang='lat' dir='ltr'>tamdiu</span> <span class='ocrx_word' id='word_1_208' title='bbox 872 2149 936 2210; x_wconf 88' lang='lat' dir='ltr'>reii·</span> <span class='ocrx_word' id='word_1_209' title='bbox 1021 2159 1027 2170; x_wconf 83' lang='lat'>’</span> 
     </span>
     <span class='ocr_line' id='line_1_28' title="bbox 55 2224 935 2304; baseline 0 -19"><span class='ocrx_word' id='word_1_210' title='bbox 55 2225 108 2285; x_wconf 80' lang='lat' dir='ltr'>dee</span> <span class='ocrx_word' id='word_1_211' title='bbox 120 2229 150 2285; x_wconf 91' lang='lat' dir='ltr'>in</span> <span class='ocrx_word' id='word_1_212' title='bbox 162 2227 321 2304; x_wconf 76' lang='lat' dir='ltr'>voluptate,</span> <span class='ocrx_word' id='word_1_213' title='bbox 340 2224 474 2303; x_wconf 86' lang='lat' dir='ltr'>quamdiu</span> <span class='ocrx_word' id='word_1_214' title='bbox 486 2226 607 2284; x_wconf 87' lang='lat' dir='ltr'>fortunae</span> <span class='ocrx_word' id='word_1_215' title='bbox 618 2226 706 2301; x_wconf 85' lang='lat' dir='ltr'>poscit</span> <span class='ocrx_word' id='word_1_216' title='bbox 723 2225 824 2285; x_wconf 88' lang='lat' dir='ltr'>iibido!</span> <span class='ocrx_word' id='word_1_217' title='bbox 844 2243 935 2302; x_wconf 87' lang='lat' dir='ltr'>egone</span> 
     </span>
     <span class='ocr_line' id='line_1_29' title="bbox 54 2299 941 2382; baseline -0.001 -21"><span class='ocrx_word' id='word_1_218' title='bbox 54 2302 187 2362; x_wconf 84' lang='lat' dir='ltr'>inimicus</span> <span class='ocrx_word' id='word_1_219' title='bbox 200 2303 265 2363; x_wconf 92' lang='lat' dir='ltr'>huic</span> <span class='ocrx_word' id='word_1_220' title='bbox 277 2299 402 2362; x_wconf 83' lang='lat' dir='ltr'>civitati.&gt;</span> <span class='ocrx_word' id='word_1_221' title='bbox 420 2302 604 2377; x_wconf 84' lang='lat' dir='ltr'>quamobrem</span> <span class='ocrx_word' id='word_1_222' title='bbox 612 2301 696 2379; x_wconf 83' lang='lat' dir='ltr'>?quia</span> <span class='ocrx_word' id='word_1_223' title='bbox 708 2301 838 2362; x_wconf 91' lang='lat' dir='ltr'>inimicos</span> <span class='ocrx_word' id='word_1_224' title='bbox 851 2318 941 2382; x_wconf 12' lang='lat' dir='ltr'>neca--</span> 
     </span>
    </p>

    <p class='ocr_par' dir='ltr' id='par_1_10' title="bbox 53 2375 1049 2606">
     <span class='ocr_line' id='line_1_30' title="bbox 53 2375 1049 2456; baseline 0 -19"><span class='ocrx_word' id='word_1_225' title='bbox 53 2378 96 2437; x_wconf 79' lang='lat' dir='ltr'>vi.</span> <span class='ocrx_word' id='word_1_226' title='bbox 114 2395 208 2456; x_wconf 82' lang='lat' dir='ltr'>egone</span> <span class='ocrx_word' id='word_1_227' title='bbox 227 2378 332 2439; x_wconf 85' lang='lat' dir='ltr'>hostis?</span> <span class='ocrx_word' id='word_1_228' title='bbox 350 2376 418 2456; x_wconf 87' lang='lat' dir='ltr'>quid</span> <span class='ocrx_word' id='word_1_229' title='bbox 436 2378 473 2435; x_wconf 76' lang='lat' dir='ltr'>ite</span> <span class='ocrx_word' id='word_1_230' title='bbox 489 2375 502 2434; x_wconf 87' lang='lat'>?</span> <span class='ocrx_word' id='word_1_231' title='bbox 521 2378 586 2455; x_wconf 84' lang='lat' dir='ltr'>quia</span> <span class='ocrx_word' id='word_1_232' title='bbox 605 2376 696 2436; x_wconf 86' lang='lat' dir='ltr'>hostes</span> <span class='ocrx_word' id='word_1_233' title='bbox 713 2379 850 2436; x_wconf 87' lang='lat' dir='ltr'>interfeci.</span> <span class='ocrx_word' id='word_1_234' title='bbox 867 2381 880 2424; x_wconf 74' lang='lat' dir='ltr'>f</span> <span class='ocrx_word' id='word_1_235' title='bbox 890 2379 1049 2438; x_wconf 68' lang='lat' dir='ltr'>Enfnhee-</span> 
     </span>
     <span class='ocr_line' id='line_1_31' title="bbox 55 2449 993 2531; baseline 0.002 -18"><span class='ocrx_word' id='word_1_236' title='bbox 55 2454 253 2515; x_wconf 87' lang='lat' dir='ltr'>conditionem</span> <span class='ocrx_word' id='word_1_237' title='bbox 273 2455 354 2531; x_wconf 84' lang='lat' dir='ltr'>hujus</span> <span class='ocrx_word' id='word_1_238' title='bbox 374 2454 521 2529; x_wconf 87' lang='lat' dir='ltr'>temporis!</span> <span class='ocrx_word' id='word_1_239' title='bbox 543 2465 623 2513; x_wconf 82' lang='lat' dir='ltr'>antea</span> <span class='ocrx_word' id='word_1_240' title='bbox 643 2454 731 2530; x_wconf 81' lang='lat' dir='ltr'>gioria</span> <span class='ocrx_word' id='word_1_241' title='bbox 749 2454 779 2512; x_wconf 76' lang='grc' dir='ltr'>δι</span> <span class='ocrx_word' id='word_1_242' title='bbox 798 2453 879 2514; x_wconf 86' lang='lat' dir='ltr'>laude</span> <span class='ocrx_word' id='word_1_243' title='bbox 894 2449 993 2515; x_wconf 66' lang='lat' dir='ltr'>di·⁴1⁸&#39;r&#39;·</span> 
     </span>
     <span class='ocr_line' id='line_1_32' title="bbox 54 2529 938 2606; baseline 0.001 -17"><span class='ocrx_word' id='word_1_244' title='bbox 54 2530 178 2606; x_wconf 80' lang='lat' dir='ltr'>gniffimi</span> <span class='ocrx_word' id='word_1_245' title='bbox 195 2529 385 2601; x_wconf 77' lang='lat' dir='ltr'>ducebantur,</span> <span class='ocrx_word' id='word_1_246' title='bbox 405 2532 454 2606; x_wconf 92' lang='lat' dir='ltr'>qui</span> <span class='ocrx_word' id='word_1_247' title='bbox 474 2529 536 2588; x_wconf 90' lang='lat' dir='ltr'>haec</span> <span class='ocrx_word' id='word_1_248' title='bbox 557 2532 741 2605; x_wconf 89' lang='lat' dir='ltr'>perfecerunt.</span> <span class='ocrx_word' id='word_1_249' title='bbox 758 2546 833 2589; x_wconf 86' lang='lat' dir='ltr'>nunc</span> <span class='ocrx_word' id='word_1_250' title='bbox 854 2530 938 2590; x_wconf 83' lang='lat' dir='ltr'>sceie-</span> 
     </span>
    </p>

    <p class='ocr_par' dir='ltr' id='par_1_11' title="bbox 55 2604 938 2689">
     <span class='ocr_line' id='line_1_33' title="bbox 55 2604 938 2689; baseline 0.003 -24"><span class='ocrx_word' id='word_1_251' title='bbox 55 2607 111 2665; x_wconf 77' lang='lat' dir='ltr'>rati</span> <span class='ocrx_word' id='word_1_252' title='bbox 122 2606 154 2666; x_wconf 70' lang='lat'>8(</span> <span class='ocrx_word' id='word_1_253' title='bbox 166 2605 375 2689; x_wconf 39' lang='lat' dir='ltr'>parricidae&#39;effe</span> <span class='ocrx_word' id='word_1_254' title='bbox 394 2604 539 2675; x_wconf 90' lang='lat' dir='ltr'>dicuntur,</span> <span class='ocrx_word' id='word_1_255' title='bbox 558 2605 605 2682; x_wconf 89' lang='lat' dir='ltr'>qui</span> <span class='ocrx_word' id='word_1_256' title='bbox 625 2606 688 2664; x_wconf 87' lang='lat' dir='ltr'>haec</span> <span class='ocrx_word' id='word_1_257' title='bbox 708 2606 938 2669; x_wconf 78' lang='lat' dir='ltr'>adminiiimrunt.</span> 
     </span>
    </p>

    <p class='ocr_par' dir='ltr' id='par_1_12' title="bbox 55 2681 936 2836">
     <span class='ocr_line' id='line_1_34' title="bbox 55 2681 936 2758; baseline 0 -16"><span class='ocrx_word' id='word_1_258' title='bbox 55 2682 120 2742; x_wconf 87' lang='lat' dir='ltr'>Sint</span> <span class='ocrx_word' id='word_1_259' title='bbox 137 2681 202 2742; x_wconf 73' lang='lat' dir='ltr'>iane</span> <span class='ocrx_word' id='word_1_260' title='bbox 220 2683 361 2744; x_wconf 84' lang='lat' dir='ltr'>scelerati:</span> <span class='ocrx_word' id='word_1_261' title='bbox 379 2682 487 2758; x_wconf 89' lang='lat' dir='ltr'>superet</span> <span class='ocrx_word' id='word_1_262' title='bbox 505 2681 619 2740; x_wconf 87' lang='lat' dir='ltr'>istorum</span> <span class='ocrx_word' id='word_1_263' title='bbox 639 2681 780 2749; x_wconf 75' lang='lat' dir='ltr'>victoria,</span> <span class='ocrx_word' id='word_1_264' title='bbox 806 2681 826 2741; x_wconf 87' lang='lat' dir='ltr'>sr</span> <span class='ocrx_word' id='word_1_265' title='bbox 844 2682 936 2742; x_wconf 78' lang='lat' dir='ltr'>modo</span> 
     </span>
     <span class='ocr_line' id='line_1_35' title="bbox 55 2756 936 2836; baseline 0.003 -21"><span class='ocrx_word' id='word_1_266' title='bbox 55 2757 176 2818; x_wconf 65' lang='lat' dir='ltr'>vifioria</span> <span class='ocrx_word' id='word_1_267' title='bbox 189 2759 349 2836; x_wconf 79' lang='lat' dir='ltr'>appellanda</span> <span class='ocrx_word' id='word_1_268' title='bbox 360 2759 415 2828; x_wconf 88' lang='lat' dir='ltr'>est,</span> <span class='ocrx_word' id='word_1_269' title='bbox 434 2760 464 2816; x_wconf 94' lang='lat' dir='ltr'>in</span> <span class='ocrx_word' id='word_1_270' title='bbox 476 2774 531 2833; x_wconf 88' lang='lat' dir='ltr'>qua</span> <span class='ocrx_word' id='word_1_271' title='bbox 543 2756 661 2816; x_wconf 86' lang='lat' dir='ltr'>civitatis</span> <span class='ocrx_word' id='word_1_272' title='bbox 679 2758 746 2817; x_wconf 87' lang='lat' dir='ltr'>inest</span> <span class='ocrx_word' id='word_1_273' title='bbox 765 2757 866 2816; x_wconf 69' lang='lat' dir='ltr'>ludius:</span> <span class='ocrx_word' id='word_1_274' title='bbox 885 2757 936 2818; x_wconf 79' lang='lat' dir='ltr'>ha·</span> 
     </span>
    </p>

    <p class='ocr_par' dir='ltr' id='par_1_13' title="bbox 56 2832 935 2912">
     <span class='ocr_line' id='line_1_36' title="bbox 56 2832 935 2912; baseline 0.002 -20"><span class='ocrx_word' id='word_1_275' title='bbox 56 2834 143 2893; x_wconf 77' lang='lat' dir='ltr'>beant</span> <span class='ocrx_word' id='word_1_276' title='bbox 154 2833 227 2904; x_wconf 68' lang='lat' dir='ltr'>hanc</span> <span class='ocrx_word' id='word_1_277' title='bbox 238 2835 360 2912; x_wconf 84' lang='lat' dir='ltr'>palmam</span> <span class='ocrx_word' id='word_1_278' title='bbox 374 2852 409 2893; x_wconf 83' lang='lat' dir='ltr'>ex</span> <span class='ocrx_word' id='word_1_279' title='bbox 423 2833 692 2894; x_wconf 86' lang='lat' dir='ltr'>innocentiscruore.</span> <span class='ocrx_word' id='word_1_280' title='bbox 711 2833 839 2894; x_wconf 84' lang='lat' dir='ltr'>Tantum</span> <span class='ocrx_word' id='word_1_281' title='bbox 851 2832 867 2892; x_wconf 74' lang='lat' dir='ltr'>d</span> <span class='ocrx_word' id='word_1_282' title='bbox 881 2852 935 2894; x_wconf 85' lang='lat' dir='ltr'>vo-</span> 
     </span>
    </p>

    <p class='ocr_par' dir='ltr' id='par_1_14' title="bbox 55 2909 938 3064">
     <span class='ocr_line' id='line_1_37' title="bbox 57 2909 936 2990; baseline 0 -21"><span class='ocrx_word' id='word_1_283' title='bbox 57 2909 102 2969; x_wconf 80' lang='lat' dir='ltr'>bis</span> <span class='ocrx_word' id='word_1_284' title='bbox 115 2909 197 2981; x_wconf 88' lang='lat' dir='ltr'>iliud,</span> <span class='ocrx_word' id='word_1_285' title='bbox 209 2912 323 2990; x_wconf 55' lang='lat' dir='ltr'>,equites</span> <span class='ocrx_word' id='word_1_286' title='bbox 335 2912 474 2980; x_wconf 81' lang='lat' dir='ltr'>Romani,</span> <span class='ocrx_word' id='word_1_287' title='bbox 494 2921 561 2985; x_wconf 87' lang='lat' dir='ltr'>peto</span> <span class='ocrx_word' id='word_1_288' title='bbox 575 2910 605 2967; x_wconf 92' lang='lat'>&amp;</span> <span class='ocrx_word' id='word_1_289' title='bbox 618 2926 708 2986; x_wconf 82' lang='lat' dir='ltr'>rogo,</span> <span class='ocrx_word' id='word_1_290' title='bbox 726 2921 773 2980; x_wconf 87' lang='lat' dir='ltr'>ut,</span> <span class='ocrx_word' id='word_1_291' title='bbox 786 2927 871 2988; x_wconf 90' lang='lat' dir='ltr'>quem</span> <span class='ocrx_word' id='word_1_292' title='bbox 886 2910 936 2969; x_wconf 87' lang='lat' dir='ltr'>sae-</span> 
     </span>
     <span class='ocr_line' id='line_1_38' title="bbox 55 2983 938 3064; baseline 0.002 -18"><span class='ocrx_word' id='word_1_293' title='bbox 55 3001 214 3064; x_wconf 79' lang='lat' dir='ltr'>penumero</span> <span class='ocrx_word' id='word_1_294' title='bbox 233 2987 321 3046; x_wconf 81' lang='lat' dir='ltr'>vestra</span> <span class='ocrx_word' id='word_1_295' title='bbox 338 2986 422 3046; x_wconf 86' lang='lat' dir='ltr'>laude</span> <span class='ocrx_word' id='word_1_296' title='bbox 438 2983 649 3054; x_wconf 81' lang='lat' dir='ltr'>cohonestastis,</span> <span class='ocrx_word' id='word_1_297' title='bbox 668 2985 791 3048; x_wconf 87' lang='lat' dir='ltr'>eundem</span> <span class='ocrx_word' id='word_1_298' title='bbox 803 2987 833 3047; x_wconf 89' lang='lat' dir='ltr'>iu</span> <span class='ocrx_word' id='word_1_299' title='bbox 847 2986 938 3048; x_wconf 70' lang='lat' dir='ltr'>dubiis</span> 
     </span>
    </p>

    <p class='ocr_par' dir='ltr' id='par_1_15' title="bbox 56 3057 670 3142">
     <span class='ocr_line' id='line_1_39' title="bbox 56 3057 670 3142; baseline -0.005 -17"><span class='ocrx_word' id='word_1_300' title='bbox 56 3057 126 3125; x_wconf 79' lang='lat' dir='ltr'>uitae</span> <span class='ocrx_word' id='word_1_301' title='bbox 139 3063 267 3142; x_wconf 79' lang='lat' dir='ltr'>periculis</span> <span class='ocrx_word' id='word_1_302' title='bbox 279 3062 366 3124; x_wconf 78' lang='lat' dir='ltr'>vestm</span> <span class='ocrx_word' id='word_1_303' title='bbox 377 3063 481 3123; x_wconf 81' lang='lat' dir='ltr'>virtute</span> <span class='ocrx_word' id='word_1_304' title='bbox 494 3059 670 3122; x_wconf 82' lang='lat' dir='ltr'>conservetis.</span> 
     </span>
    </p>
   </div>
   <div class='ocr_carea' id='block_1_3' title="bbox 218 3290 841 3400">
    <p class='ocr_par' dir='ltr' id='par_1_16' title="bbox 218 3290 841 3400">
     <span class='ocr_line' id='line_1_40' title="bbox 218 3290 841 3400; baseline -0.002 -46"><span class='ocrx_word' id='word_1_305' title='bbox 218 3292 371 3357; x_wconf 78' lang='lat' dir='ltr'>urnis</span> <span class='ocrx_word' id='word_1_306' title='bbox 402 3290 776 3400; x_wconf 75' lang='lat' dir='ltr'>onnnronum.</span> <span class='ocrx_word' id='word_1_307' title='bbox 838 3384 841 3389; x_wconf 15' lang='lat'>¹</span> 
     </span>
    </p>
   </div>
   <div class='ocr_carea' id='block_1_4' title="bbox 0 0 1166 3930">
    <p class='ocr_par' dir='ltr' id='par_1_17' title="bbox 0 0 1166 3930">
     <span class='ocr_line' id='line_1_41' title="bbox 0 0 1166 3930; baseline 0 0"><span class='ocrx_word' id='word_1_308' title='bbox 0 0 1166 3930; x_wconf 95' lang='lat' dir='ltr'> </span> 
     </span>
    </p>
   </div>
  </div>
 </body>
</html>
