2324 3930
213 114 469 188 Pnrnrlnntn
487 104 772 186 nouarum.
850 110 934 205 3263

1 232 7 291 t
52 225 114 293 tris,
132 214 275 299 lenimur.
290 222 464 298 Tmsergo,
480 221 602 291 urdin,
620 222 691 281 ner
710 216 840 298 tsupem
853 216 948 294 mann
964 235 1059 289 unm

53 301 205 360 Flaminia:
223 301 380 369 -abinieno,
401 311 433 347 ⁶⁴
445 298 575 357 Aurem:
595 298 704 368 media,
725 309 753 347 ⁸⁸
767 298 865 358 Callia.
941 306 1095 354 aeternnm,

92 379 198 448 -Nuuc,
217 377 326 454 quaeso,
346 374 502 444 attendite,
521 390 591 434 num
610 376 719 435 aberret
738 372 755 433 l
774 376 976 461 ton'edlura23

53 449 174 528 suspicio
186 448 302 531 periculi
314 454 381 510 meir
402 453 432 491 ³⁶
445 451 583 510 Etruriam
598 452 766 511 discriminat
774 395 872 513 Caliia.
890 454 939 512 sci·

58 544 161 589 musne
178 532 276 607 igitur,
295 527 395 597 Pansa,
415 529 514 604 quibus
532 529 562 585 in
578 527 648 586 locis
666 545 741 586 nunc
755 527 788 586 srt
800 530 963 619 Lentonisk
979 557 1096 625 annun

59 607 74 653 k
89 606 226 667 Caesermii
236 604 433 682 septemviralis
445 603 761 664 rudoritasin'obiscum
775 622 828 664 nec
842 610 939 665 animo
947 641 1014 685 urm.

59 681 135 742 certi
147 678 201 752 est,
220 699 276 741 nec
288 698 419 756 corpore.
435 679 563 739 sautem
577 694 626 740 aut
639 680 719 740 domi
741 680 795 752 est,
815 696 863 746 aut
876 700 936 760 non
946 703 1098 752 nemim

56 759 172 835 longia
187 761 295 828 domu,
314 755 389 816 certi
401 759 431 815 in
443 758 551 816 Etruria
565 757 619 827 est,
640 758 669 816 id
681 756 736 828 est,
751 759 779 815 in
793 760 846 818 via.
865 756 939 835 Quis

55 837 142 912 igitur
156 838 226 894 milri
238 834 361 910 praestat,
380 834 542 893 Lentonem
557 852 615 893 uno
636 835 727 911 capite
746 832 801 894 effe
818 849 939 902 conten-

57 911 142 970 tum?
162 913 219 969 Dic
233 913 302 970 mibi
315 924 464 987 praeterea,
482 910 583 978 Pansa,
602 910 750 969 Ventidius
762 911 810 971 ubi
822 912 870 982 srt,
890 916 937 973 cui

58 990 100 1047 sui
121 989 227 1064 semper
247 989 369 1056 amicus,
388 985 540 1064 antequim
560 987 606 1046 ille
624 987 782 1062 reipublicae
799 987 936 1066 bonisque
1037 1052 1043 1061 ,

60 1067 193 1123 omnibus
205 1077 262 1123 tam
275 1064 371 1143 aperte
382 1064 421 1122 eli
434 1062 523 1122 fabius
534 1064 674 1122 inimicus.
687 1062 802 1122 'Possum
816 1066 937 1127 Calliam

59 1143 164 1210 vitane,
183 1152 279 1199 tenere
300 1141 475 1199 Flaminiam.
489 1138 576 1214 quid,
596 1138 616 1195 sr
637 1140 805 1210 Anconam,
825 1157 856 1201 ut
869 1144 939 1203 dicr-

56 1228 122 1287 tur,
143 1217 291 1277 Ventidius
303 1215 429 1275 venerit?
449 1227 587 1290 poterone
598 1216 760 1273 Ariminum
773 1216 835 1274 tutb
854 1237 937 1278 acce-

55 1292 145 1352 dere?
166 1294 258 1353 Restat
272 1294 391 1352 Aurelia.
407 1292 457 1351 hlc
470 1290 585 1368 ¹quidem
598 1293 683 1349 etiam
696 1291 821 1369 praesidia
834 1296 842 1339 ¹
854 1294 955 1359 habear
972 1304 1053 1367 nane,

57 1370 107 1428 bo.
125 1369 302 1451 possessiones
313 1371 388 1427 enirn
400 1368 461 1429 sunt
473 1370 501 1426 l’.
516 1368 618 1427 Clodii.
636 1379 696 1426 tota
716 1369 820 1426 familia
840 1380 1009 1430 occur-atii.»

56 1459 101 1504 ret
109 1467 115 1505 :
123 1446 243 1522 bospitio
256 1446 397 1515 invitabit3
404 1456 516 1522 propter
528 1445 743 1503 familiaritatem
759 1444 938 1507 notiffimam.

97 1525 132 1583 X.
151 1526 276 1582 Hrscn
295 1540 341 1581 no
352 1542 370 1579 o
390 1538 438 1581 me
451 1523 503 1580 viis
515 1522 711 1591 committam,
724 1523 773 1597 qui
787 1523 936 1583 Termina·
945 1537 981 1592 24

56 1601 129 1660 libus
143 1617 229 1676 nuper
241 1603 270 1659 in
282 1599 457 1668 suburbium,
476 1608 508 1654 ut
519 1597 625 1656 eodem
646 1596 691 1654 die
707 1611 877 1668 reverterer,
896 1603 936 1660 ire

59 1695 119 1736 non
132 1692 152 1723 n
164 1678 223 1741 sum
245 1674 349 1735 ausus?
374 1673 533 1735 domeiiicis
555 1688 603 1731 me
623 1674 770 1749 parietibus
788 1678 836 1732 vix
853 1690 971 1737 tueorm
987 1695 1057 1746 aune

57 1754 116 1812 sme
126 1756 286 1813 amicorum
300 1752 446 1812 custodiis..
461 1751 559 1826 ltaque
573 1751 602 1807 in
615 1748 683 1809 urbe
695 1766 809 1809 maneo.
828 1762 856 1799 ⁸7
871 1752 987 1811 silium
996 1763 1051 1810 arn.

57 1832 150 1900 cebir,
163 1830 296 1888 manebo,
313 1830 376 1888 haec
391 1844 456 1886 mea
468 1828 544 1885 sedes
557 1826 680 1893 rihhart
695 1827 722 1884 vi
742 1824 872 1895 ilia,haet
887 1846 938 1888 cu-

55 1907 163 1976 stodia,
181 1907 238 1964 boc
250 1905 406 1981 praesidium
420 1903 559 1961 stativum.
577 1914 692 1960 teneant
711 1844 756 1961 ain
777 1904 876 1974 rastra,
895 1924 938 1964 re-

33 1988 35 1993 '
55 1999 128 2058 gna,
147 1998 190 2041 res
200 1983 336 2047 bellicam,
348 1980 375 2020 ²⁸
388 1979 500 2039 oderint
518 1976 642 2037 hostem:
663 1976 732 2049 nos,
745 1991 776 2037 ut
790 1998 806 2028 11
819 1982 937 2118 dicismus
946 2019 963 2053 n
980 2004 1068 2059 didici-

881 2078 940 2120 tm·
949 2083 1003 2120 mus
1014 2076 1083 2126 Grata

89 2215 129 2259 24„
148 2200 272 2259 Aureum]
287 2196 377 2262 Incipit
396 2210 410 2244 a
426 2208 502 2261 ponte
513 2195 634 2253 sublicio,
651 2195 700 2247 five
712 2211 726 2246 a
738 2202 811 2247 Porta
823 2201 938 2260 Aurelia,

58 2276 112 2327 quae
124 2276 189 2310 nunc
203 2264 360 2310 Pancratiana
371 2260 474 2318 dicitur,
492 2263 517 2310 &
530 2261 669 2309 extenditur
681 2276 723 2324 per
739 2265 861 2311 Etruriam
872 2264 938 2316 Pisas

61 2324 209 2391 usque,fire
218 2326 301 2391 potius
312 2326 339 2375 in
351 2325 474 2382 Galliam,
482 2337 508 2373 ut
520 2323 647 2374 l'eirescius
659 2324 802 2375 observavit.
820 2331 877 2375 Hoc
887 2329 936 2378 fuit

58 2391 159 2438 Aurelia
170 2400 247 2438 vetut.
265 2392 331 2438 Nam
345 2392 370 2438 ὅ(
382 2389 431 2437 alia
441 2402 514 2438 nova.
532 2388 563 2436 de
575 2389 612 2437 nn
625 2389 671 2437 viis
683 2390 803 2453 imprimis
815 2390 935 2442 videndus

57 2452 182 2502 Nardinun
199 2452 230 2502 de
245 2456 332 2504 Vetere
347 2456 443 2511 Roma,
461 2454 486 2501 bt
505 2454 619 2518 Rapha'e'l
635 2452 762 2501 Fabrerrua
773 2449 804 2501 de
814 2455 893 2520 Aquis
905 2461 933 2508 δι

56 2512 246 2581 Aquaedubbibuu
256 2512 346 2567 dissert.
360 2533 380 2567 r.
394 2533 419 2566 n.
430 2533 469 2571 92·
490 2520 566 2578 Grau.

90 2594 128 2636 25.
146 2581 232 2642 cuffiam
247 2578 285 2630 ab
297 2580 395 2630 audone
407 2572 489 2629 Cassio
499 2578 532 2628 src
543 2576 608 2629 diua
619 2578 660 2629 est.
677 2580 818 2628 Fuitramus
828 2582 935 2631 viaeFla·

56 2642 153 2701 minin,
172 2653 224 2709 quae
242 2654 297 2692 eutn
314 2658 343 2692 ea
360 2643 465 2692 cohaeret
483 2643 514 2692 ad
531 2655 633 2707 pontem
651 2646 782 2698 Milvium,
799 2649 842 2707 qui
859 2645 935 2694 hodie

57 2712 197 2818 Pontedlllole
209 2708 304 2758 dicitur.
321 2704 378 2756 ilde
389 2711 421 2758 N.
430 2707 569 2772 Bergerium
576 2698 605 2755 de
612 2707 663 2757 viia
670 2705 820 2754 Militaribus
827 2705 870 2756 lib.
881 2725 933 2759 rrr.

55 2784 99 2818 22.
117 2775 129 2817 1
144 2786 185 2818 em.

88 2840 126 2882 26.
145 2837 261 2881 Etruriam
270 2836 408 2945 dissriminat
420 2833 512 2895 [afim]
529 2830 624 2882 Dividit
636 2831 766 2880 Etruriam.
785 2847 843 2882 nam
858 2843 936 2884 Aure⁶

56 2895 92 2944 lia
104 2898 203 2961 propius
213 2908 281 2945 mare
303 2906 403 2962 operum
414 2894 461 2954 est,
479 2911 559 2962 neque
570 2894 720 2944 discriminat
738 2899 875 2955 Etruriam,
893 2891 934 2948 led
965 2953 969 2962 ¹

56 2960 174 3009 terminat
186 2974 199 3007 a
210 2960 334 3009 maritima
345 2973 422 3025 parte.
440 2959 521 3008 Caffia
535 2974 592 3008 vero
600 2994 607 3015 ,
615 2958 883 3018 auttorenmonomt)
894 2976 936 3011 ur·

55 3021 87 3070 be
97 3023 164 3071 ducit
176 3023 204 3070 in
216 3024 355 3079 Vulsinios,
372 3022 444 3080 iude,
461 3026 528 3073 Senis
541 3022 657 3072 aiinistta
672 3023 777 3078 sentin,
795 3026 933 3082 Arretium,

56 3085 114 3136 inde
126 3088 293 3144 Florentiam,
312 3087 453 3142 Pistorium,
470 3084 652 3152 Lucam,quod
663 3099 713 3134 erat
726 3084 859 3149 Cisalpina
872 3086 936 3139 Gni-

55 3148 94 3196 liae
106 3153 213 3213 primum
226 3149 353 3216 oppidum.
370 3154 396 3198 P.
408 3154 497 3200 Manat.

54 3224 126 3322 υῗλ
144 3220 172 3263 Si
182 3217 270 3271 licebit,
288 3216 399 3271 manaim]
415 3214 487 3262 Deest
504 3215 544 3270 (ν,
561 3227 587 3262 ut
603 3210 647 3269 fit,
664 3213 690 3265 ἐφ
701 3213 723 3271 fi
737 3213 822 3269 licebit,
838 3217 933 3266 manent.
1034 3237 1036 3242 ·

78 3291 134 3331 rin,

88 3348 126 3388 zu.
146 3344 265 3402 odilina]
285 3337 466 3390 Eodemmodo
477 3340 494 3389 l.
508 3337 526 3390 s.
539 3352 565 3398 ut
582 3334 697 3403 impressi.
714 3334 813 3385 fortasse
829 3336 935 3389 scrinea*

55 3400 116 3449 dum
129 3402 178 3460 est,
194 3409 299 3461 adierint.
317 3406 383 3454 Fert.
400 3407 489 3451 oderim
501 3406 607 3465 bostem]
630 3404 684 3450 Alii
701 3401 773 3450 ulitur
791 3402 934 3452 emendant.

55 3479 104 3516 nos
115 3480 159 3530 pro
171 3471 265 3527 oderim,
276 3470 387 3530 fuderint.
403 3468 520 3518 Fa'e'rnus.
540 3467 621 3516 l’lacet
633 3471 710 3513 adeant
721 3465 813 3529 hastam,
824 3461 863 3517 vel
875 3472 938 3540 aare·

615 3564 621 3571 .
886 3543 947 3577 riute
