2324 3930
30 86 55 115 Ἀ

237 126 791 207 Ριιιιιιιιιιῦοοιικιιιιζ
839 186 842 193 ,
872 136 949 221 3261

30 256 37 297 r
71 234 116 294 tio
128 237 143 285 s
149 233 209 296 lte
220 237 293 298 facta
311 239 386 316 pacis
403 239 585 316 suspicionem
611 237 806 298 multls'atlullt
818 237 1092 315 immuta-sturit-

30 326 48 371 ι·
74 324 112 369 tae
126 313 283 374 voluntatis.
318 317 395 376 luter
411 317 461 375 has
479 315 606 392 personas
619 331 666 374 me
677 314 854 391 interjectum
867 318 1062 379 amiciuaun.

30 412 32 419 ·
72 387 195 448 Antonii
209 389 321 451 molcstd
333 395 440 452 serunt:
459 393 558 469 quibus
570 391 706 468 gerendus
726 409 790 451 runs
807 391 863 462 est,
882 410 954 470 quo·

72 464 151 523 niam
166 467 249 525 semel
259 468 382 528 liberales
395 467 450 527 elle
463 469 608 546 coepimust

113 540 194 601 Vlll.
211 544 478 603 Puortcrscnu
489 563 563 604 nun
580 544 663 621 legati
674 544 788 621 optimis
800 543 950 605 ominibus:
961 548 995 608 ¹9

30 680 37 687 ,
71 613 120 689 sed
132 619 152 675 ii
166 631 176 664 τ
207 619 407 692 toficiscantur,
416 624 445 680 in
456 622 556 699 quibus
568 638 627 681 non
640 619 796 681 offendatur
802 621 970 683 Antoniust
989 631 1108 695 proficllu

30 735 32 741 .
73 691 163 766 Qudd
184 637 206 753 g
224 696 260 754 de
279 698 408 757 Antonio
426 714 487 757 nou
506 697 650 767 laboratis,
669 698 739 755 mihi
752 695 842 767 certe,
862 695 1010 775 patresd²⁴ll
1021 701 1046 746 *1⁸

74 769 238 854 conscripti,
259 773 400 832 contulere
412 773 526 833 debetis.
545 776 649 850 parcite
662 774 751 833 oculis
768 773 863 833 saltem
883 759 1034 836 meism-

30 895 32 901 .
72 842 104 929 dt
118 844 239 921 ahquam
253 849 366 909 veniam
375 851 449 926 julio
463 850 554 909 dolori
565 850 638 909 date.
655 851 725 924 Quo
738 849 952 929 enimadspettu

69 920 168 1004 tudere
180 934 281 996 potero
289 927 400 1001 ,smirto
412 925 521 985 hostem
534 929 644 1003 patriae:
654 944 690 985 ex
702 943 762 1002 quo
774 927 845 985 milri
850 927 949 989 odium

69 997 362 1082 suillum-commune
382 1003 528 1062 vobiscum
542 1002 598 1081 est)
611 1018 627 1051 v
638 1001 788 1079 quomddo
800 1002 972 1078 adspiciamv
988 1005 1029 1058 sed

71 1071 145 1129 mihi
157 1089 206 1130 unt
219 1075 431 1137 cmdelillimum
444 1078 571 1148 hostem,
589 1091 621 1139 ut
633 1079 772 1137 declarant
783 1080 887 1154 ejusde
900 1100 948 1141 me
956 1083 1041 1135 quom.
1054 1074 1109 1131 list

69 1148 250 1209 acerbissimae
262 1154 432 1213 conciones?
451 1153 573 1214 Adeone
585 1170 635 1213 me
647 1155 768 1212 ferreum
781 1158 897 1229 putatis,
916 1171 948 1218 ut
956 1138 982 1188 θ
995 1140 1070 1190 σω*

71 1240 140 1282 cum
162 1243 198 1283 eo
221 1230 371 1304 congredi,
389 1242 437 1290 aut
455 1231 533 1289 illum
553 1229 690 1305 adspicere
702 1229 819 1305 polliml
839 1234 949 1308 quinu-

71 1315 138 1374 per,
160 1302 224 1360 clam
236 1304 266 1361 in
280 1307 419 1366 concione
432 1305 549 1366 donaret
560 1323 626 1376 eos,
646 1307 695 1383 qui
708 1309 734 1365 ei
754 1307 790 1366 de
810 1309 949 1382 parricidis

71 1376 241 1437 audacissimi
253 1380 431 1455 videbantur,
451 1400 517 1442 mea
529 1383 603 1441 bonu
615 1383 720 1441 donare
731 1382 757 1440 se
772 1381 840 1442 dixit
856 1395 882 1431 ¹⁹
896 1386 949 1444 Pe·

51 1453 143 1532 ‚tillio
159 1455 303 1526 Urbinati,
322 1458 370 1536 qui
383 1476 418 1518 ex
430 1458 576 1534 naufragio
587 1458 720 1522 luculenti
739 1461 899 1534 patrimonii
912 1462 947 1522 ad

70 1528 135 1588 haec
146 1531 310 1593 Antoniana
321 1537 382 1595 saxa
394 1534 532 1612 projeetus
545 1534 592 1594 est.

110 1607 158 1664 An
172 1608 207 1664 l..
219 1611 376 1671 Antonium
388 1611 526 1688 adspicere
539 1608 661 1685 potero?
680 1610 758 1686 cujus
778 1627 832 1686 ego
846 1611 991 1672 caudens

67 1677 175 1741 litatem
197 1683 318 1760 effugere
339 1705 399 1747 non
417 1686 582 1763 potulllem,
602 1684 652 1744 nisi
671 1703 719 1744 me
740 1687 893 1757 moenibus,
915 1691 945 1749 &

67 1760 210 1832 portis,&
224 1760 314 1822 studio
327 1765 472 1840 municipii
484 1763 541 1822 mei
552 1760 744 1821 defendissem.
760 1763 857 1839 Atque
867 1765 944 1824 idem

67 1835 115 1892 hic
129 1850 145 1881 ¹
159 1838 301 1913 myrmillo
314 1840 465 1908 Asiaticus,
482 1839 553 1897 latro
565 1838 668 1905 ltaliae,
688 1838 795 1914 collega
807 1840 968 1904 Lentonisx
984 1859 1091 1912 mininis·

68 1910 248 1982 utinense,
268 1916 334 1974 clun
347 1927 377 1955 ²0
390 1914 503 1993 Aquilae
518 1925 544 1955 ²¹
561 1914 691 1990 primipili
702 1914 836 1976 nummos
845 1933 944 2054 turget
951 1920 978 1970 to
989 1925 1042 1974 atii.

175 2022 178 2031 .
916 2013 946 2054 a.

102 2166 139 2206 ro.
158 2144 240 2214 Persffio
250 2151 383 2210 vristad]
398 2146 471 2201 varii
481 2147 590 2199 scribitur
599 2156 729 2215 utrumque
739 2162 832 2200 nomen
844 2151 942 2205 nostru.

67 2215 186 2264 ultimum
196 2214 311 2281 quidem,
326 2217 498 2272 ‘transmittimur
507 2217 621 2262 vriinati.
638 2225 664 2262 at
674 2215 739 2278 prius
752 2217 944 2281 Praessdst,s’raefi·

67 2282 108 2336 di,
126 2279 209 2339 masto,
226 2280 312 2337 pitiſso·
329 2276 425 2328 Gmtete

100 2357 140 2392 zo.
159 2345 393 2416 Aquilaeprsmipiliq
408 2335 524 2405 Resctipll
536 2339 830 2391 constantinormanur.
848 2342 945 2396 detdic.

67 2404 248 2472 antiquioribus
266 2407 378 2470 Aquila,
394 2414 446 2454 non
455 2406 546 2468 aqut'sa,
561 2416 589 2452 ιιι
600 2403 772 2452 recentioribus
782 2405 882 2469 placuit.
900 2417 945 2456 at·-

65 2474 132 2534 quita
144 2472 259 2534 primipili
271 2467 317 2531 (fic
333 2482 421 2517 omnes
434 2470 501 2516 MSS·
515 2465 560 2514 nisr
572 2467 640 2532 quod
651 2467 677 2514 in
688 2468 782 2517 colon.
798 2474 878 2533 aquila
891 2477 943 2534 pri*

65 2536 160 2595 mipusi,
168 2532 203 2580 ita
214 2546 298 2580 tamen
310 2545 335 2580 ιιι
346 2533 438 2582 ultimae
450 2530 501 2579 duae
511 2528 607 2595 syllabae
613 2533 663 2592 pult·
675 2527 943 2594 elsentamanurecen·

66 2597 132 2644 tiore
142 2596 245 2653 litteris,
262 2611 314 2660 quat
328 2597 391 2645 olim
402 2594 437 2645 ibi
447 2593 557 2649 fuerant,
574 2591 647 2642 erasis
662 2596 688 2644 dt
706 2594 743 2642 his
755 2592 894 2667 suppositis)
905 2597 940 2646 est

66 2659 185 2723 primipili
196 2659 340 2708 centurioni.
357 2665 456 2724 integre
465 2658 560 2706 locutio
571 2658 660 2722 legitur
672 2673 698 2710 v.
710 2657 741 2706 ad
750 2665 882 2724 ¹Atticum:
899 2669 940 2708 Ae

66 2725 106 2770 ille
115 2729 218 2770 cohortem
225 2727 323 2786 primam
332 2737 400 2770 totam
414 2723 508 2784 ptrdr'dit
525 2733 709 2785 centuriarumque
721 2723 833 2784 primipili
848 2725 940 2771 nobilem

60 2787 101 2847 sui
107 2787 204 2847 generis,
220 2786 262 2835 ubi
272 2800 372 2851 quoque
383 2788 449 2835 MSS.
462 2785 589 2847 primipuis.
621 2783 704 2833 Postea
713 2783 777 2839 ludit
788 2786 815 2832 in
824 2785 940 2850 ambiguae

65 2862 128 2896 voce
144 2852 254 2912 Aquila,
270 2863 322 2913 qut
340 2848 490 2898 centurionis
506 2861 600 2895 nomen
615 2861 680 2904 ctat,
697 2848 723 2897 bt
739 2846 802 2912 ligni
814 2850 890 2897 torius
900 2851 940 2899 les

65 2913 157 2976 gionia.
174 2915 235 2960 Non
246 2911 325 2976 probo
336 2914 379 2976 qui
388 2927 418 2960 eu
436 2910 616 2985 onuntolqur'la
627 2911 746 2961 militibus
756 2912 829 2975 primi
835 2912 939 2970 ordinis,

65 2975 108 3040 qui
125 2970 167 3024 sub
183 2988 212 3023 ea
232 2976 330 3040 aquila,
345 2991 397 3040 quae
414 2927 510 3039 {egnum
525 2972 573 3021 furt
584 2976 771 3032 Romanorum,
787 2976 940 3029 militabunt.

64 3041 158 3103 Aquilai
173 3037 309 3089 seruabatur
319 3037 383 3087 olim
394 3039 495 3104 quidem
506 3051 521 3085 a
531 3037 634 3095 triariis,
652 3037 690 3087 l'ed
702 3053 717 3086 a
733 3051 845 3102 tempore
862 3036 940 3089 Marii

65 3103 185 3152 translata
197 3114 248 3151 erat
262 3101 293 3150 ad
305 3102 434 3151 cohortem
445 3103 566 3166 primam,
580 3100 607 3149 iu
618 3116 667 3165 qua
678 3101 754 3150 etlam
769 3116 838 3150 erant
855 3102 941 3165 primi·

61 3164 168 3228 pili,sed
179 3179 231 3221 erat
242 3168 327 3214 tam'en
338 3166 422 3232 aquila
433 3166 509 3214 totius
520 3161 736 3230 legionisfignum.
755 3168 941 3231 Prateteaaqui·

61 3232 87 3274 la
97 3233 205 3294 primipili
216 3232 267 3277 dare
277 3247 388 3286 nummos,
405 3243 450 3293 pto
462 3230 543 3292 primic
554 3228 664 3277 cohortis
675 3226 808 3282 militibus,
825 3241 866 3276 aut
878 3230 938 3278 tria·

62 3291 106 3338 riis
118 3306 233 3340 nummos
244 3291 302 3340 dare
313 3295 368 3356 quis
378 3293 441 3342 ferat
452 3290 479 3339 in
488 3293 579 3347 Pluto,
596 3305 637 3341 aut
648 3297 670 3341 A
705 3293 784 3347 ulcio,
801 3305 842 3340 aut
853 3293 939 3359 ineptu

61 3353 173 3465 quoting
190 3354 375 3414 declamatore,
391 3369 424 3405 ne
440 3353 500 3405 dum
516 3354 545 3403 in
561 3345 651 3405 diserti
682 3371 725 3405 ruo
742 3355 847 3403 Romuli
861 3371 940 3423 nepo·

63 3429 118 3465 tum
172 3437 224 3468 rav.

93 3495 132 3533 at.
150 3486 283 3546 rumpat]
298 3483 343 3540 vel
353 3479 557 3542 subaudiendum.
575 3481 726 3537 centurioni:
743 3480 884 3536 disuenim
896 3474 941 3531 ci·

903 3558 944 3594 ee·
