2324 3930
210 153 293 221 μμ
524 122 775 206 Onusta

52 270 68 322 ρ
83 248 187 317 pomae·
215 248 282 308 gem
293 227 396 303 Juliam
410 241 426 287 a
439 223 634 304 poffidetetur,
653 235 685 284 ut
697 225 721 284 is
732 221 864 284 militibus
875 225 1015 285 ueteranis
1027 227 1106 306 diei-j

52 329 106 370 rent
116 317 174 365 aet.
219 308 350 368 deretur:
378 303 413 363 de
433 320 501 381 agro
513 303 661 378 Campano
677 301 820 379 separatim
838 301 1042 378 cognoscerent
1059 308 1105 384 ina,⁴

14 384 16 389 ’
62 386 68 395 ’
219 385 348 462 irentque
370 381 511 442 rationem
530 380 565 440 de
586 377 749 439 commodis
767 378 889 437 rnilitum
902 389 1127 447 veteranorum.

220 460 368 538 augendis:
386 458 548 592 legionigue
565 455 694 527 Martiae,
714 455 867 532 &legioni
886 467 1010 532 quartae,
1028 461 1059 521 δι
1071 463 1105 524 iis

223 539 369 607 militibus,
389 535 439 612 qui
453 537 479 583 ⁶⁵
516 531 658 608 elegione
677 533 814 603 secunda,
833 531 971 593 tticefima
990 537 1105 614 quinta,

125 674 131 687 ,
151 674 157 685 ,
224 616 261 675 ad
274 615 308 674 C.
319 611 452 682 Pansam,
471 611 508 671 A.
520 608 664 679 Hirtium,
680 609 823 680 consules,
841 607 1108 694 veniffent‚suaqne

59 692 77 744 q
93 667 187 725 ΨΜ·
223 693 342 752 nomina
357 705 373 747 s
386 685 535 748 dediffent:
554 685 634 765 quod
654 687 686 745 iis
698 703 711 733 r
723 687 872 746 annonas
888 686 998 758 senatus
1015 708 1109 768 popu·

58 747 194 854 i'ssf'ghv·
223 769 300 856 lique
314 766 438 825 Romani
450 764 558 823 libertas
578 762 711 822 catiffima
724 762 757 822 fit
770 764 800 822 &
813 764 914 835 fuerit,
926 768 1110 830 vacationem

57 884 71 918 1
88 871 155 916 oros.
173 880 213 911 nen
226 845 332 905 mihtiae
344 841 405 917 ipfis
422 841 568 917 liberisque
583 855 684 898 eorum
699 837 752 899 effe
764 840 890 916 placere;
913 852 990 901 extra
1003 847 1109 906 tumul.-

58 933 121 980 aetes
131 928 215 979 auaro·
227 935 290 982 tum
304 920 444 979 Gallicum
456 918 656 995 italicumque:
676 934 778 994 easque
796 917 935 993 legiones,
955 918 1027 980 bello
1038 939 1111 983 con·

57 994 129 1053 maa
227 999 320 1067 fello,
342 992 503 1054 miffasfieri
515 994 638 1071 placere:
659 1005 849 1071 quantamque
871 996 1022 1070 pecuniam
1037 1001 1111 1060 mili·

225 1076 297 1134 tibus
316 1089 414 1131 earum
432 1070 578 1146 legionum
598 1070 627 1128 in
647 1068 767 1146 lingulos
786 1072 821 1128 C.
835 1070 942 1141 Caelat,
961 1075 1109 1147 pontifex,

247 1160 381 1228 ropraetor
394 1146 533 1224 pollicitus
546 1146 595 1216 fit,
614 1157 720 1206 tantam
740 1147 798 1207 dari
818 1146 944 1222 placete:
963 1151 1063 1228 utique
1075 1154 1109 1212 C.

225 1169 328 1298 iamin,
348 1227 385 1285 A.
404 1225 539 1293 Hirtius,
560 1222 707 1295 consules,
728 1226 755 1263 ⁶⁶
770 1223 837 1283 alter
855 1223 1004 1296 ambove,
1023 1230 1109 1299 ratio.

227 1322 296 1364 nem
311 1303 372 1383 ¹agri
389 1300 534 1371 habeant,
568 1301 618 1377 qui
636 1298 694 1358 firie
714 1299 812 1375 injuria
831 1301 1005 1375 privatorum
1026 1304 1113 1367 dividi

62 1402 195 1467 sumque
227 1380 330 1458 polilt:
353 1382 380 1464 ξῑ
396 1380 411 1424 s
418 1379 439 1435 is
461 1394 496 1435 ue
517 1376 650 1434 militibus
673 1375 790 1452 legionis
811 1377 924 1463 Martiae
943 1377 973 1436 &
992 1378 1112 1465 legionis

64 1468 178 1576 Maereat
229 1467 335 1537 quartat
354 1465 393 1512 tta
412 1466 423 1497 t
441 1395 553 1512 iaretut
577 1452 774 1527 assignatetur,
808 1464 841 1513 ut
861 1452 961 1532 qurbus
979 1457 1112 1521 militibus

64 1541 76 1577 t
110 1542 192 1582 mn,
1050 1553 1111 1598 am,

64 1590 211 1656 atlignatent
296 1604 300 1609 ·

63 1657 100 1707 Μ’
261 1716 302 1766 65.
317 1713 353 1756 De
362 1708 443 1769 legione
448 1707 554 1766 femndo,
570 1707 679 1767 trigefima
689 1707 808 1778 quintini
815 1709 874 1768 Qrae
885 1720 942 1756 cum
953 1709 1071 1761 Antonio
1081 1712 1112 1763 de

229 1784 346 1839 quattuor
360 1768 531 1819 Macedonicis
548 1767 726 1818 remanserant:
744 1785 775 1818 ex
792 1771 823 1817 irs
839 1783 925 1820 tamen
941 1771 1000 1837 iplis
1016 1776 1111 1826 milites

228 1836 304 1891 multi
314 1833 346 1883 ad
355 1832 458 1882 Pansam
469 1833 627 1897 Hirtiumque
638 1831 749 1883 consules
759 1846 885 1885 venenant.
901 1849 1033 1900 propterea
1049 1838 1112 1891 dixit

213 1950 216 1957 ,
227 1901 335 1965 Philipp.
346 1902 391 1946 111.
408 1905 434 1945 In
445 1900 546 1946 Galliam
557 1900 686 1945 mutilatum
696 1898 889 1947 ducitexercitnm.
908 1902 932 1948 l’.
946 1902 1047 1954 Manus.

261 1972 299 2012 66.
318 1963 390 2009 Alter
399 1962 490 2007 ambove
499 1963 607 2009 rationem
616 1964 666 2023 agri
674 1963 784 2019 lauicana]
800 1964 865 2009 Cum
875 1961 902 2008 in
912 1960 978 2012 libro
990 1966 1112 2019 Vaticano

228 2044 251 2076 o.
263 2028 438 2086 operationem
448 2026 494 2077 &a
511 2021 626 2087 scriptum
637 2020 868 2087 lepesiffem‚facile
876 2025 990 2075 intellexi
1002 2028 1114 2081 senatus·

228 2086 335 2138 consulti
346 2088 482 2136 formulam
491 2085 694 2152 agnitionemque
704 2088 812 2136 totidem
821 2088 1112 2155 litteris,interpuntlio-

89 2153 93 2159 '
168 2188 171 2193 >
229 2153 270 2203 nis
285 2150 348 2202 notit
365 2150 500 2206 dillinttia,
513 2154 541 2198 in
558 2162 640 2198 vetere
656 2151 720 2217 apud
731 2166 772 2200 me
782 2149 993 2203 senatusconsulto
1003 2155 1032 2204 in
1044 2172 1111 2208 znen

202 2250 206 2255 -
229 2214 324 2265 tabella
339 2210 447 2279 enprell'a
463 2213 497 2262 est
508 2212 556 2262 hoc
566 2212 664 2271 modo,
687 2221 725 2264 ot.
738 2222 775 2264 Λ.
789 2219 814 2263 S.
827 2221 855 2264 Ε.
871 2221 895 2265 V.
913 2214 962 2265 hoc
972 2217 1020 2276 est,
1038 2225 1112 2271 ,Alter

230 2281 320 2327 ambove
330 2310 338 2333 ‚
350 2279 373 2336 st
384 2281 417 2324 eis
432 2280 552 2326 videretur.
569 2278 634 2337 cujus
652 2278 752 2342 quidem
767 2277 880 2328 formulae
897 2279 1023 2344 ignoratio
1041 2285 1111 2336 causa

231 2341 299 2400 fuit,
317 2355 357 2389 cur
372 2338 505 2388 doaiffimt
521 2339 623 2405 quidam
640 2343 701 2398 viri,
717 2341 760 2406 qui
771 2341 904 2407 diligenter
913 2343 986 2395 illum
997 2347 1111 2400 codicem

229 2419 289 2453 eum
300 2404 406 2468 vulgatis
418 2402 487 2451 libris
498 2404 669 2462 contulerunt,
681 2408 720 2466 seu
731 2406 839 2463 litteras,
853 2406 928 2455 nullis
940 2407 1005 2458 inter
1023 2404 1110 2463 uiam

231 2469 315 2524 notis,
330 2463 457 2514 omiserint
469 2465 526 2515 cum
537 2466 591 2524 hic,
609 2480 662 2516 tum
673 2469 748 2531 paulo
761 2469 829 2533 supra
841 2469 868 2517 in
878 2468 927 2517 hoc
937 2424 1110 2536 ipso'iinatus·

230 2528 358 2586 consulto,
375 2532 464 2594 inquo
479 2544 523 2592 pso
536 2534 607 2579 Alter
616 2533 706 2579 ambove
716 2533 868 2596 cognoscerent,
884 2532 960 2584 habet
968 2536 1033 2594 libet
1043 2540 1112 2589 Vati·

229 2609 305 2644 tanus
315 2610 336 2644 a.
348 2609 370 2642 o.
377 2595 418 2655 sese
429 2594 581 2656 cognoscerent,
599 2592 646 2642 hoc
656 2594 705 2652 est,
722 2598 793 2644 Alter
803 2597 907 2655 ambove,
913 2598 936 2657 fi
944 2602 976 2646 eis
988 2602 1111 2661 videretur,

229 2661 378 2722 cognoscerem.
395 2654 435 2704 sed
446 2656 585 2705 litterarum
590 2661 630 2718 seu
640 2659 741 2724 vestigia
753 2672 870 2724 apparent
880 2660 907 2709 in
919 2674 950 2708 eo
967 2662 1054 2713 codice
1066 2665 1111 2715 ad-

231 2723 280 2771 huc
290 2722 316 2770 in
327 2722 413 2777 litura,
431 2734 486 2768 oum
497 2721 547 2769 alia
559 2723 705 2780 manu,ejus
718 2719 823 2779 scilicet,
835 2724 878 2787 qui
889 2724 960 2772 illam
972 2722 1110 2780 formulam

230 2784 328 2899 ffirlus
344 2786 469 2850 ignoraret
479 2817 488 2842 ,
499 2786 540 2846 seu
555 2784 642 2834 litterae
659 2798 759 2835 mutata:
776 2785 867 2835 fuerint
883 2787 910 2834 in
926 2786 1026 2839 verbum
1036 2794 1108 2857 Agna.

254 2867 264 2899 r
275 2865 311 2898 sn.

262 2920 301 2969 ⁶7·
319 2914 404 2976 Hisque
413 2912 522 2960 militibus
534 2914 623 2976 legionis
632 2914 735 2969 liartie,
752 2913 778 2964 ia·
790 2915 877 2974 legionis
887 2926 969 2979 quarte
979 2917 1013 2962 ito
1023 2919 1110 2977 darent,

229 2977 373 3038 alienarent]
391 2974 493 3026 sicul.
506 2973 522 3024 s.
540 2980 611 3041 iisque
617 2977 736 3025 militibus.
755 2979 844 3024 Cetera
854 2976 1036 3029 eodemmodo.
1052 2987 1109 3048 Ego

132 3078 136 3097 ,
228 3038 262 3090 fic
273 3037 455 3088 emendandum
466 3051 540 3102 puto,
557 3047 621 3105 Isque
632 3042 742 3087 militibus
757 3043 846 3103 legionis
861 3044 964 3098 Martie,
981 3045 1008 3094 ie·
1019 3046 1111 3107 legionis

228 3119 311 3169 quem
322 3106 468 3159 steteram,
484 3102 629 3165 affigerentur.
661 3102 878 3164 Quemadmodum
893 3104 969 3170 paulo
988 3108 1110 3165 ante,'ve

225 3175 246 3216 ie
255 3168 366 3216 militibus
376 3169 486 3214 veteranis
498 3168 642 3215 divideretur.
660 3170 727 3214 Nam
732 3167 767 3214 ais
776 3170 886 3215 militibus
893 3168 993 3241 quidem
1000 3169 1063 3227 ,sive
1070 3176 1112 3232 iit,

226 3244 309 3293 aperte
320 3228 408 3279 falsum
418 3229 540 3292 estsquod
551 3229 636 3279 harum
648 3230 775 3293 legionum
787 3231 868 3279 cunlti
877 3233 970 3281 milites
984 3234 1109 3287 Caesaretn

224 3292 299 3341 sectati
311 3292 378 3341 sunt:
395 3304 422 3341 ut
434 3293 503 3357 supra
513 3294 578 3341 telle
590 3292 702 3340 additum
712 3293 745 3342 est
757 3308 913 3358 prenomen,
929 3300 1004 3361 lisque
1021 3303 1110 3348 milist-

224 3358 278 3410 bns,
292 3363 332 3419 qui
347 3359 373 3403 de
387 3360 466 3419 legione
476 3359 582 3417 secundo,
599 3360 625 3409 it
637 3371 719 3406 xxxv.
736 3359 856 3423 qnoniam
871 3373 957 3407 corum
972 3361 1064 3423 partim
1076 3363 1108 3413 ad

224 3419 333 3467 Hirtium
350 3422 376 3468 δι
394 3419 495 3467 Pansam
512 3417 579 3470 coa.
599 3432 716 3468 venerant
731 3454 739 3477 ,
754 3421 848 3484 partim
864 3421 888 3469 se
905 3426 1064 3478 contulerant
1076 3426 1109 3481 ad

224 3482 378 3534 Antonium:
395 3495 421 3534 ut
432 3497 462 3534 ea
474 3483 577 3548 epistola
591 3481 677 3533 Galbae
686 3483 745 3534 licet
756 3485 904 3551 intelligere.
921 3492 1011 3541 ferrar.
