2324 3930
136 152 290 233 .307⁶
525 146 773 215 Onnrro
845 192 894 215 ,-

203 250 282 311 Bruti
294 252 435 313 decellum
450 251 542 330 potuit
555 249 680 321 liberati,
700 250 765 310 clun
778 250 863 311 Creta
884 249 953 311 nihil
971 248 1006 311 ad
1026 253 1098 312 Bru:

207 338 287 401 tum,
308 331 516 399 Caesarevivo,
536 325 708 404 pertineret?
728 327 768 386 At
777 326 859 403 hujus
870 327 1034 388 venditione
1047 328 1100 388 de·

194 407 278 464 -creti
290 409 345 482 (ne
357 406 426 467 nihil
440 405 533 466 aetum
547 404 668 479 putetis)
678 404 854 491 provinciam
868 401 986 462 Cretam
1022 403 1099 464 ercli·

50 475 62 554 ¹.
76 472 122 525 fun
134 472 188 552 ‘1¹‘st
209 480 290 541 distis.
309 485 440 542 Omnino
453 498 540 541 nemo
553 478 633 539 ullius
645 483 705 538 re1¹
720 481 773 557 fuit
787 488 912 556 emptor,
933 480 981 538 cui
1000 423 1099 554 ‹leitte-¹

50 541 143 589 '⁶³¹⁸‘
208 557 243 616 rit
256 558 303 618 hic
315 560 454 619 venditor.
557 575 560 581 ·

168 616 206 694 98
220 644 224 655 ·
251 635 287 693 Et
298 634 333 694 de
346 635 483 714 exsulibut
488 584 598 710 legem,
617 649 704 710 quam
717 631 814 704 fixisti,
826 629 916 691 Cesar
927 629 1010 690 tulit?
1026 632 1100 692 Nul-

210 709 262 769 lius
280 711 397 770 insector
418 708 623 769 calamitatem:
644 708 753 767 tantum
773 724 894 786 queror,
920 717 947 756 ¹⁹
969 710 1096 784 primum

54 821 84 856 m
100 806 192 870 judica·
213 803 312 846 eorum
326 787 428 846 reditus
440 785 862 864 inquinatos,quorumcausam
870 781 1023 844 diffimilem
1031 785 1100 857 Cae-

54 873 88 919 rit
101 875 152 920 aut.
213 861 254 920 sar
269 878 289 907 a
298 863 481 938 judicaverit:
502 860 603 920 deinde
621 859 714 918 nescio
739 879 789 920 cur
809 861 920 938 reliquis
940 859 1015 920 idem
1036 879 1099 920 non

57 937 86 984 P·
103 937 324 997 etms-tribuas.
343 938 526 1023 nequeenim
540 933 699 1013 plusquam
714 935 771 994 tres
790 949 838 994 aut
851 947 982 1013 quattuor
1000 937 1100 1016 reliqui

215 1013 292 1082 sunt,
313 1027 341 1053 ²⁰
353 1032 403 1091 qur
416 1012 496 1072 fimili
510 1012 667 1071 calamitate
681 1013 792 1071 fuerint.
811 1029 859 1070 cur
881 1024 929 1071 tua
947 1014 1102 1074 misericor·

217 1089 262 1148 dia
283 1088 365 1149 simili
384 1107 444 1148 non
465 1087 613 1148 fruuntur?
632 1105 680 1146 cut
702 1106 752 1148 eos
772 1088 856 1147 habes
867 1088 897 1145 in
910 1088 979 1148 loco
992 1091 1103 1168 patrui?

216 1165 253 1224 de
266 1184 326 1242 quo
337 1168 431 1236 ferre,
457 1164 523 1225 clun
543 1164 579 1224 de
597 1163 708 1241 reliquis
726 1165 831 1234 ferres,
857 1163 989 1224 noluisti:
1016 1185 1102 1244 quem

218 1242 304 1300 etiam
318 1243 354 1301 ad
365 1243 508 1300 censuram
522 1240 672 1317 petendam
688 1241 832 1318 impulisti,
853 1257 973 1317 eamque
992 1244 1106 1319 petitio·

218 1335 286 1377 nem
308 1319 497 1392 comparasti,
529 1334 594 1394 quae
616 1318 646 1375 ὃ(
664 1317 728 1376 risus
747 1319 898 1378 hominum
924 1318 955 1376 &
980 1319 1106 1397 querelas

220 1406 359 1454 moveret.
618 1412 620 1417 ·

179 1489 232 1549 99¹
261 1471 318 1529 Cur
332 1480 427 1528 autem
441 1486 474 1529 ea
488 1469 604 1529 comitia
616 1486 675 1527 non
693 1459 812 1529 habuisti
823 1466 835 1526 ἓ
854 1485 891 1528 an
906 1471 972 1545 quia
982 1471 1107 1531 tribunus

221 1545 307 1624 plebis
318 1545 452 1608 finistrum
465 1545 575 1606 fulmen
581 1544 725 1604 nuntiabat
734 1543 746 1604 ἓ
755 1546 820 1606 clun
837 1557 864 1585 ²¹
880 1557 928 1603 tua
942 1547 1011 1623 quid
1025 1548 1112 1607 inter·

1056 1625 1112 1697 est,

224 1772 349 1840 periiil'et,
366 1773 430 1824 nihil
446 1785 546 1829 autem,
563 1787 594 1822 eo
610 1771 669 1822 vivo
680 1762 694 1829 ,ἶ
705 1770 736 1820 ad
753 1775 854 1821 Brutum
871 1773 947 1820 Creta
961 1769 1122 1834 pertineret..

225 1842 349 1900 Decetiam
365 1839 423 1905 quia
440 1835 570 1885 decefferat
585 1836 615 1884 ab
630 1836 702 1892 urbe,
719 1847 745 1884 ut
762 1838 807 1885 iret
825 1836 852 1884 in
868 1834 1031 1900 provinciam.
1065 1837 1106 1885 Sic

227 1903 325 1952 coetius
336 1917 376 1967 ep.
390 1918 410 1950 r.
426 1900 470 1950 lib.
485 1915 538 1949 rrn.
556 1901 624 1964 Qud
633 1903 691 1948 mihi
701 1901 796 1947 decedam
807 1899 922 1958 mandasti.
940 1900 965 1945 t.
978 1900 1077 1963 Manut.

261 1970 304 2019 ti:
316 1971 418 2015 Primum
433 1980 506 2012 eorum
522 1967 605 2012 reditus
622 1965 773 2024 inquinatae]
804 1968 843 2012 lta
858 1960 909 2010 fete
924 1973 1012 2009 omnes
1034 1961 1108 2020 libri,

227 2041 285 2085 eum
295 2027 369 2076 facile
381 2028 457 2076 cuivis
468 2041 582 2092 apparere
593 2022 665 2091 pollit
675 2025 809 2092 legendum
820 2039 917 2091 aquator.
936 2027 1065 2077 Camerar.

176 2127 180 2134 ,
237 2144 240 2149 ,
261 2109 300 2140 ιο.
317 2093 446 2157 Qifimt'li
456 2093 480 2137 r'n
491 2094 616 2137 calamitate
623 2093 732 2151 fuerint]
747 2094 826 2154 Lang.
839 2089 883 2139 alii
892 2087 1022 2144 nonnulli,
1034 2090 1110 2147 fimilt'

220 2159 361 2202 ‘catamirata
379 2156 405 2202 δι
422 2165 488 2202 certe
503 2153 545 2201 hie
560 2151 628 2201 idern
642 2151 756 2202 limiliter
771 2154 868 2202 locutus
883 2150 917 2198 est
928 2164 974 2215 pro
985 2152 1034 2200 Sul.
1053 2155 1109 2200 Pari

227 2215 502 2280 calamitatequt'fuarant.
519 2217 648 2264 Ferrarius.
664 2219 716 2276 Qt'
720 2217 795 2274 fimila·
798 2219 924 2264 calamitate
929 2214 1043 2274 factumn]
1058 2221 1111 2263 An·

228 2281 312 2342 tiquus
327 2279 403 2335 liber,
419 2282 460 2342 qai
471 2280 545 2336 fimili
561 2282 584 2325 in
595 2282 729 2327 calamitate.
761 2283 810 2327 Sat.
828 2291 941 2340 nos,pro
948 2278 998 2338 sat,
1011 2292 1037 2327 re
1055 2279 1112 2326 oni·

229 2344 351 2402 mussant.
369 2341 437 2406 quod
449 2342 474 2389 δε
484 2341 562 2406 exigit
574 2339 665 2396 sensus,
682 2340 741 2389 ficut
747 2343 839 2401 fuerint-
847 2340 942 2450 telpmt.
961 2355 1020 2389 nam
1037 2293 1068 2390 ge
1080 2342 1111 2389 iis

229 2405 340 2470 loquitur
351 2407 394 2467 qui
412 2403 490 2452 adhuc
505 2405 532 2451 in
548 2404 719 2461 exilioeraut.
736 2402 874 2468 distingnen
893 2417 934 2450 um
952 2414 1034 2453 autem
1051 2417 1109 2458 ante

232 2467 283 2515 lraec
294 2466 380 2526 verba,
397 2468 423 2515 δι
434 2481 463 2517 ea
474 2465 611 2524 distinctio,
628 2482 681 2532 que
692 2466 725 2515 est
737 2467 791 2531 post
806 2468 866 2522 illa,
882 2466 1011 2514 tollenda:
1027 2472 1112 2517 unica·

232 2546 281 2596 que
292 2529 413 2580 sententia
424 2528 615 2587 enuntiandum,
632 2535 673 2595 qai
682 2531 755 2588 fimili
769 2534 794 2579 t'tt
808 2533 934 2578 calamitate
944 2533 1010 2592 statu,
1026 2549 1064 2580 car
1075 2546 1113 2582 raa

231 2597 379 2656 misericordia
385 2593 458 2652 fimili
468 2611 508 2640 nen
515 2594 641 2653 fruuntur?
658 2594 775 2643 Faernus.

266 2673 304 2708 21.
321 2664 370 2706 Tua
395 2657 769 2720 uiaintertsttarditatespieiasunt
779 2669 934 2712 tuorum,cttm
940 2656 970 2713 fit
982 2659 1119 2722 religiosum]

236 2674 1118 2785 obscuritaslotumverborumctariffimalettionisannquaelucediseu-

157 2791 162 2800 “
236 2788 304 2842 titur,
311 2800 364 2851 quae
370 2783 402 2833 stc
409 2782 481 2832 habet
488 2817 496 2839 ,
504 2791 555 2832 ctam
560 2796 599 2830 tua
606 2787 661 2847 quid
671 2784 834 2844 interessmttlla
839 2785 936 2845 auspicia
941 2785 993 2845 fitne
1000 2785 1063 2833 ratim
1068 2801 1118 2835 tuo·

144 2861 148 2884 ¹
236 2864 354 2903 ram,tum
361 2849 518 2907 fisreligiosas.
534 2844 1117 2912 quaefiquisfortenonintelligat,huncsensum

237 2909 337 2959 nabunt.
356 2915 422 2959 cunr
433 2910 464 2957 de
475 2925 500 2958 re
511 2922 553 2958 tua
565 2912 657 2975 agitur,
671 2911 733 2958 nibil
745 2925 813 2958 curas
824 2908 1004 2974 auspicia,eum
1016 2927 1074 2960 vero
1085 2912 1117 2962 de

236 2989 263 3023 te
279 2975 362 3039 aliqua
380 2988 492 3030 tuorum,
509 2989 572 3048 quos
588 2972 787 3022 inhumaniss‘rme
797 2973 883 3030 odisti,
900 2987 959 3022 tunc
969 2975 1057 3039 incipis
1070 2977 1117 3024 ob·

160 3052 162 3056 ·
199 3055 207 3062 ·
236 3036 329 3087 servate
345 3037 493 3102 religionem
509 3036 688 3100 auspiciorum:
712 3050 738 3084 ut
754 3052 797 3102 per
814 3051 844 3085 ea
861 3036 969 3086 honores
985 3052 1072 3088 eorum
1089 3041 1116 3090 &

237 3100 372 3150 commoda
387 3099 526 3164 impedias,
543 3099 754 3165 quemadmodum
771 3099 849 3149 fecisti
864 3101 891 3149 in
906 3113 1019 3164 patruum
1037 3115 1118 3154 tuum.

236 3170 316 3214 Faern.
335 3175 386 3214 cum
396 3179 435 3212 tua
446 3166 501 3226 qaid
512 3164 616 3224 interest]
632 3167 693 3212 Non
704 3163 810 3212 libenter
818 3163 885 3212 facio
894 3177 921 3211 ut
927 3177 1027 3227 operam
1034 3176 1119 3218 meam

238 3227 379 3276 venditem:
395 3224 513 3276 sedidem
524 3225 604 3274 facere
621 3241 673 3274 non
688 3225 799 3290 polium,
816 3228 877 3290 quin
893 3225 1011 3275 letiorem
1028 3230 1121 3280 admo-

237 3303 312 3338 neanr
322 3289 361 3339 his
372 3293 397 3340 &
408 3290 498 3338 talibus
509 3289 584 3345 loeis,
600 3301 628 3336 ut
639 3288 703 3337 hanc
713 3289 851 3339 editionem
862 3304 917 3337 cum
929 3288 984 3337 aliie
996 3292 1120 3344 conferat:

239 3364 290 3415 quo
308 3355 387 3418 magis
403 3354 547 3418 intelligant
562 3367 663 3407 omnes,
680 3368 732 3400 non
748 3352 835 3402 frustra
852 3366 919 3401 ame
929 3349 1020 3403 librum
1031 3356 1121 3416 illum,

239 3429 290 3480 quo
300 3414 353 3463 usus
367 3415 432 3473 sum,
449 3429 502 3465 tam
514 3412 573 3480 saepe
583 3415 685 3464 laudati.
703 3419 812 3464 Muretus.
843 3415 945 3464 οἴηται
956 3421 1011 3480 quid
1022 3423 1125 3477 interea,

237 3482 300 3530 natta
311 3482 374 3540 oea]
390 3477 488 3531 Habent
504 3477 566 3530 istud
584 3479 712 3545 Manutius
730 3481 755 3531 δι
768 3476 918 3539 Lambinus,
933 3481 1124 3546 poenitudini

1084 3559 1126 3602 aut
