2324 3930
895 41 907 80 l

187 140 299 224 ,μω
534 136 781 206 Onnsio

211 237 424 319 praeoccupavit
444 240 536 301 oratio
555 250 613 300 tua.
644 239 704 299 ‘Sed
725 239 813 309 mihi,
822 248 921 375 inim
935 239 1102 319 contemptu

212 317 401 379 necessitatem
417 317 508 376 attulit
529 317 623 394 paullo
641 316 719 453 plura
738 316 820 376 dicen
841 332 851 374 t
880 321 1003 379 ententia
1025 322 1099 396 ejus,

212 396 264 471 qui
276 405 388 471 rogatus
401 391 439 450 est
453 406 466 434 ²
481 405 623 454 ante-me:
674 409 733 470 quo
752 394 790 452 ita
807 394 883 469 saepe
901 391 1049 466 distentio,
1068 408 1098 455 ut

209 471 276 547 jam
292 487 406 539 uerear,
426 485 479 539 ne,
499 470 528 530 id
548 470 627 547 quod
647 466 837 528 minimefseti
850 466 1102 540 debet,·ininuere

213 548 367 605 amicitiam
381 544 503 605 nostram
513 548 641 619 videatur
651 557 785 622 perpetua
798 543 936 606 diffenfio.

185 637 202 698 3
256 635 267 675 ³
283 627 360 699 Quae
371 622 409 681 est
422 624 499 681 enim
512 623 559 682 ista
572 636 620 682 tua
632 625 702 684 tatio
712 621 931 699 ,calenetquae
943 623 1097 702 mensiqui

213 717 371 778 numquam
393 701 454 777 post
470 699 607 780 Kalendas
625 701 688 772 Jan.
706 699 784 764 idem
806 698 938 770 senseris,
956 701 1036 776 quod
1057 703 1096 771 is,

213 778 290 855 ‘oqui
303 789 333 834 te
343 776 508 835 sententiam
520 775 644 852 primum
655 773 755 851 rogat?
778 785 788 822 ⁵
802 792 853 834 our
865 792 1020 852 numquam
1032 786 1095 836 tam

51 851 71 900 cl
87 850 154 918 quod
204 854 345 930 ,fsequen‘s
355 854 464 912 senatus
478 853 552 922 fuit,
569 853 584 899 d
597 863 629 917 ut
639 868 711 911 unus
722 852 822 927 aliquis
832 864 916 918 tuam¹
930 851 1094 911 sententiam

52 919 143 970 Μ·
167 994 169 998 ,
212 929 321 1010 secutus
333 929 386 988 iit?
406 944 455 988 cur
465 930 573 1006 semper
586 931 627 988 tui
642 927 782 990 diffimiles
796 925 944 988 defendis?
956 926 1092 999 cuneum

564 1028 567 1032 ·
688 1036 691 1042 ·
890 1034 893 1039 ·
1063 1016 1093 1063 te

210 1152 298 1198 Furcas.
315 1147 443 1211 Quscno'no
449 1147 630 1206 sententiusmiloo'
641 1148 877 1213 ipseficmpscram,ccs
884 1156 1091 1211 preoccupuuctorc·

209 1215 244 1261 tc‘o
255 1218 317 1271 toton]
331 1211 418 1276 Antiq.
431 1210 475 1259 lib.
487 1209 533 1261 fic:
550 1229 604 1277 quos
615 1217 674 1261 onim
685 1215 796 1275 opscmiloi
807 1216 880 1277 partis
890 1211 1040 1280 sumpseram
1055 1223 1089 1256 Μ

206 1276 305 1339 pracepit
316 1279 385 1323 oratio
396 1289 443 1322 tuo.
461 1277 577 1324 Fuimus.
596 1277 725 1336 Quteuim'
742 1277 785 1341 Ipse
802 1277 861 1322 milo·
871 1278 944 1338 partis
954 1272 1089 1333 sampirum,

179 1340 182 1345 ’
209 1351 318 1400 caspraece
332 1334 432 1385 o't‘oran‘o
443 1351 490 1388 tua.
523 1345 561 1388 lta
573 1339 680 1402 optimus
693 1339 761 1389 liber.
793 1351 927 1401 uamquam
939 1347 1021 1383 autem
1032 1339 1089 1383 Fet·

207 1402 285 1451 tatius
296 1352 329 1448 ici
333 1399 399 1464 quod
410 1401 437 1449 in
445 1400 502 1472 gnis
513 1400 582 1450 libris
593 1401 738 1467 legitut'fibi
750 1352 822 1450 vaide
831 1402 929 1465 plaeere
939 1399 988 1454 ait,
1004 1409 1089 1449 tamen

158 1499 168 1506 -
207 1476 251 1513 aut
262 1478 310 1527 ego
322 1465 385 1511 nihil
396 1463 483 1520 video,
501 1477 542 1513 aut
553 1465 602 1514 hoc
615 1467 725 1514 nostrum
737 1466 818 1514 multo
829 1463 932 1514 nitidius
949 1461 983 1510 est
994 1464 1088 1512 multo·

201 1531 257 1592 'que
267 1527 421 1576 concinnius.
439 1530 524 1578 Murco.
542 1532 607 1590 Qus
616 1534 673 1576 enim
684 1533 724 1603 ipse
734 1532 791 1576 mihi
797 1542 871 1592 portes
877 1530 1031 1591 sumpseram]
1047 1526 1087 1575 Est

199 1588 258 1639 dioc
275 1588 375 1655 quidem
392 1592 419 1638 in
436 1591 522 1648 editis,
539 1591 579 1640 sed
595 1595 698 1641 Penatis
714 1588 768 1642 mis.
787 1605 889 1647 omnes,
906 1591 967 1637 item
977 1589 1086 1639 vnostis:

215 1658 219 1663 ’
252 1659 330 1703 sonim
337 1657 453 1714 sententias
463 1658 522 1702 mibi
531 1659 572 1718 ipsc
576 1658 717 1720 sumpseram.
736 1655 802 1721 quod
814 1670 866 1705 non
878 1652 965 1708 vided,
982 1666 1024 1700 cut
1035 1668 1087 1703 non

223 1716 293 1766 ebeat
304 1719 359 1783 quis
369 1716 480 1830 praferse
496 1719 575 1769 alteri.
608 1725 698 1769 Gruter.
732 1723 807 1768 Certe
818 1718 991 1779 scotmtics'fiio'
1001 1717 1087 1777 sumere

200 1781 300 1831 Latinis
318 1781 371 1830 nihi
398 1782 472 1845 plane
489 1781 624 1846 fignificat.'
653 1783 767 1832 vaticani
785 1782 928 1846 scripturam
937 1794 991 1828 non
1001 1781 1028 1827 in
1039 1782 1084 1829 illa

198 1845 280 1895 modo
291 1859 367 1903 voce,
384 1843 424 1892 led
436 1846 461 1894 &
473 1846 500 1893 in
508 1853 619 1911 pracepit,
634 1861 680 1913 pto
690 1848 793 1912 vulgato
801 1847 968 1911 preoccupavit,
985 1857 1038 1908 quac
1049 1842 1083 1894 est

197 1907 464 1973 interpretationum,
482 1910 570 1974 recepi.
589 1915 700 1960 Grauius.
851 1910 854 1915 ’

231 1988 254 2021 2.
273 1978 338 2020 utute
348 1977 406 2030 mn]
423 1978 505 2033 immo
517 1987 574 2022 ante
590 1988 686 2022 omnes.
704 1987 763 2022 nam
774 1984 833 2021 ante
849 1971 1000 2020 Ciceronem
1013 1971 1040 2020 &
1052 1975 1077 2021 P.

195 2035 312 2086 Seruilius
323 2035 467 2101 rogabatur:
485 2047 511 2083 ut
523 2048 591 2100 patet
601 2051 631 2084 ex
646 2037 707 2086 Phil.
719 2041 772 2086 vn.
786 2039 812 2085 δι
824 2041 866 2084 lx.
886 2041 914 2083 P.-
923 2041 1013 2083 Manus.

233 2114 254 2154 ῃ,
273 2102 328 2163 Qc
339 2103 368 2160 est
377 2101 483 2160 enimostc
492 2103 723 2159 cuatuon'o‚calcnc.]
738 2098 919 2150 nodemmodo
926 2095 982 2145 libti
988 2096 1080 2163 scripti,

196 2172 226 2211 ut
237 2161 357 2226 imptelli:
375 2162 438 2211 mihi
449 2174 534 2212 tamen
545 2163 645 2213 dubium
657 2180 709 2213 non
721 2165 768 2220 est,
784 2165 848 2229 quin
857 2164 991 2225 catic‚non‘
999 2168 1079 2219 oratio,

195 2225 292 2274 1estum
302 2224 346 2273 iit:
364 2239 390 2274 ut
401 2225 443 2282 fic,
460 2227 673 2291 quemadmodum
683 2228 746 2276 illud
756 2230 782 2275 in
794 2241 868 2276 vm.
882 2224 962 2289 Philip
980 2259 987 2273 .
1005 2222 1079 2274 Exco·

193 2292 282 2351 giletus,
289 2302 335 2355 qsu
344 2303 387 2337 tacu
398 2294 456 2336 ratio
462 2292 506 2349 fit,
514 2295 601 2348 Caleno,
608 2311 648 2339 non
656 2293 745 2354 poffiumz
763 2290 833 2339 ldem
844 2290 920 2353 paulo
929 2239 1077 2346 infimum-

125 2404 127 2411 Α
196 2352 388 2449 mufatssslelbss
399 2351 473 2411 dicit,
489 2356 550 2419 Qiu
561 2356 589 2417 cst
601 2356 639 2416 istc
651 2367 702 2403 tuus
715 2357 804 2417 sensus,
819 2370 865 2419 qu
882 2355 1001 2417 cogitatio?
1017 2356 1076 2417 ξει-
1116 2408 1118 2412 ³

195 2428 282 2466 tatius.
574 2457 577 2461 ,

113 2472 119 2533 ’,
182 2522 192 2539 ,,
228 2497 252 2538 4.
269 2483 349 2542 Qm
357 2481 486 2540 sentenciam
493 2480 591 2544 primum
602 2462 683 2544 iugum]
699 2482 768 2531 Prius
777 2479 851 2528 habet
861 2477 923 2528 libet
934 2479 1075 2529 Vaticanus:

133 2546 137 2557 '
160 2546 174 2563 '¹
188 2539 238 2594 led
244 2546 331 2607 primus
341 2541 474 2607 legendum
485 2542 586 2592 videtur.
603 2547 678 2603 vrfin.
908 2602 911 2608 ι

230 2622 252 2664 ς.
272 2606 316 2656 'Cur
325 2623 442 2671 numquam
453 2620 500 2654 tam
507 2609 611 2671 frequens
623 2613 714 2655 Senatus
720 2609 785 2668 fuit,
801 2608 859 2672 quud
868 2622 924 2654 uuus
934 2607 1019 2670 aliquis
1026 2608 1077 2664 scoo-

194 2674 288 2720 acutium
298 2684 360 2720 tuom
367 2673 472 2733 sequutus
478 2671 528 2730 sta]
544 2672 591 2720 Hic
603 2672 671 2719 locus
683 2672 709 2720 in
720 2671 825 2736 antiquo
835 2668 971 2727 libro,line
985 2668 1076 2719 dictio·

192 2749 228 2785 ne
237 2753 289 2791 cur,
304 2732 337 2783 fic
347 2733 450 2798 legitur,
466 2752 585 2799 numquam
596 2749 642 2781 tam
650 2737 755 2800 frequens
766 2737 856 2782 Senatus
861 2735 949 2793 fuerr't,
960 2750 1009 2779 cum
1019 2752 1074 2782 unus

193 2799 413 2862 uliquissententium
425 2811 487 2845 tuam
491 2799 577 2854 secutus
582 2800 620 2856 fic.
638 2812 713 2862 quam
723 2797 858 2846 lediionem
870 2808 997 2853 tenemus,
1014 2812 1074 2860 ptat-

193 2871 309 2926 tesquam
320 2862 347 2909 in
358 2859 481 2917 diutione,
499 2875 554 2909 cum
566 2875 679 2926 proquo,
694 2862 736 2909 alii
747 2855 804 2910 libri
817 2863 842 2908 δι
855 2860 956 2924 vulgata
966 2857 1073 2917 habent,

112 2952 115 2957 ,
193 2940 255 2988 quo,
278 2939 327 2993 ego
342 2922 476 2989 legendum
492 2937 573 2989 puto,
589 2941 654 2990 quo:
675 2939 702 2972 ut
718 2921 767 2980 fit,
795 2941 836 2990 quo
849 2925 934 2981 senatu.
956 2925 1073 2975 Faernus.

191 2989 282 3040 noenu
293 2987 495 3039 emendationem
508 2984 601 3036 secutus
613 2987 646 3036 est
657 2987 791 3037 Lambinus
804 2990 829 3035 δι
842 2990 967 3040 Muretus,
980 2987 1023 3050 qui
1034 3000 1074 3036 ta·

192 3067 252 3103 men
263 3053 363 3104 retinuit
373 3069 421 3098 cum
433 3066 478 3116 pto
489 3069 539 3117 quo.
567 3057 640 3100 Meus
651 3051 714 3101 libet
722 3049 870 3116 pervetustus
887 3051 1000 3113 optime:
1020 3060 1074 3100 cum

191 3134 311 3182 numquam
326 3132 373 3165 tum
383 3117 487 3180 frequens
498 3119 586 3176 senam
599 3117 689 3177 fucrit,
712 3133 759 3164 ccum
776 3132 831 3162 unus
845 3116 930 3177 aliquis
943 3116 1074 3172 sententiam

191 3193 255 3230 tuum
261 3185 390 3244 fissecutus.
408 3187 461 3229 cum
469 3180 554 3238 pellea
564 3178 649 3228 ttanlit
660 3180 686 3227 in
697 3199 749 3237 cur,
765 3176 826 3226 ficut
835 3177 861 3225 in
872 3176 1017 3226 coloniensi
1035 3179 1074 3226 ul·

194 3243 259 3292 tima
270 3246 355 3294 littesa
364 3243 434 3304 hujus
445 3245 536 3292 vocula
546 3243 678 3290 immutata
688 3242 722 3291 est
733 3257 747 3291 a
759 3241 892 3306 posteriore
902 3253 989 3294 manu,
1006 3240 1074 3289 erasa

196 3307 280 3371 priore
290 3309 381 3356 littera.
403 3307 499 3354 ·1³ostea
509 3321 564 3356 eum
576 3307 697 3372 legeretur
705 3325 757 3362 cur,
768 3306 842 3366 fuerit
857 3316 957 3378 quoque
968 3302 1074 3352 refinne·

196 3383 254 3419 sunt
267 3373 291 3420 δι
303 3370 456 3435 scripserunt,
468 3371 533 3430 fuit,
551 3385 606 3419 cum
616 3384 701 3418 taimen
711 3368 774 3418 illud
784 3368 875 3433 optimi
891 3368 983 3431 quique
997 3367 1074 3418 codd.

194 3434 332 3508 tetineant,
350 3433 417 3499 quod
428 3436 520 3483 metito
529 3435 614 3501 quatit
634 3435 761 3482 Manutius
776 3431 970 3507 undependeat.
1004 3432 1028 3479 Si
1043 3444 1075 3479 ex

195 3498 351 3557 meocodtce
359 3516 408 3551 cuoo
420 3497 550 3560 cessabat,
566 3498 653 3553 omnia
662 3495 895 3566 liquidaisucnos,
905 3499 1015 3550 Graccus.

968 3559 1075 3626 aQu
