2324 3930
222 134 305 201 mn
401 151 404 159 .
541 111 820 187 Onnrro¹

66 216 458 328 r
478 211 1110 351 ²tantumtantum¹¹²¹*

66 339 220 466 mejam
229 307 516 428 rabubtfnfffcum’bi‘ie
528 308 698 437 inpcausam,
711 310 1112 442 Qunites,utfacttiec⁴1³b¹a¹1⁹rb·

67 463 124 514 hab.
137 469 206 516 am,
232 460 319 521 quam
333 448 348 492 b
362 443 448 504 vester
468 442 612 503 consensus
631 443 722 519 major
739 444 769 507 iu
780 442 835 502 ulla
847 444 926 503 causa
938 445 1006 504 fuit:
1025 463 1112 505 num·

68 525 87 578 b
102 527 168 577 inter
185 525 219 578 se·
231 538 318 599 quarn
331 532 391 580 tam
404 519 587 580 vehementer
600 536 667 579 cum
680 518 775 578 senatu
788 518 940 579 consociati
945 520 1040 582 fuistis.
1058 539 1114 583 nec

68 602 157 641 mmm
168 591 195 641 ὅ(
234 599 347 657 mirum.
365 598 454 674 agitur
466 596 542 657 enim
556 613 616 655 non
628 613 685 674 qua
699 595 862 656 conditione
881 596 995 668 vidiuri,
1013 597 1062 659 sed
1073 600 1117 658 vi·

70 651 197 770 {ffiffflss
233 673 340 734 durinc
360 672 468 744 fimus,
495 690 531 732 an
551 689 617 731 cum
645 671 780 748 supplicio
806 673 1019 753 ignominiaque
1045 674 1118 752 peris
1158 688 1160 703 ¹

191 759 457 903 nturauamquam
479 835 602 885 mortem
622 823 738 902 quidem
759 822 890 885 omnibus
902 837 998 887 natura
1012 844 1117 964 pqqpo·

37 964 39 969 ,
235 900 302 961 suit:
328 901 521 960 crudelitatem
544 902 643 961 mortis
661 902 691 959 &
713 900 834 960 dedecus
852 903 939 962 virtus
957 921 1028 980 prop
1070 921 1115 965 are

74 988 214 1042 enominis
236 976 304 1037 solet
309 1002 319 1048 ;
345 989 372 1016 ¹⁰
386 994 450 1054 quae
471 977 583 1054 propria
603 976 640 1037 est
660 979 783 1035 Romani
796 992 810 1023 c
821 980 930 1053 generis
949 981 979 1039 δι
998 980 1116 1040 seminis.

73 1058 129 1107 MS.
235 1051 309 1113 banc
321 1054 455 1123 retinete,
474 1054 585 1142 quaeso,
605 1054 743 1130 Quirites,
763 1070 848 1130 quam
870 1054 950 1115 vobis
969 1066 1114 1135 tamquam

38 1138 44 1149 ‘
234 1127 420 1190 hereditatem
440 1147 561 1208 majores
587 1130 667 1189 veliti
691 1129 870 1208 reliquerunt.
897 1142 924 1171 ¹¹
941 1148 1113 1211 quamquam

236 1208 334 1266 omnia
352 1205 404 1266 alia
423 1208 528 1266 incerta
548 1207 631 1278 sunt,
658 1207 785 1276 caduca,
803 1205 926 1266 mobilia
940 1229 951 1272 a,
972 1210 1061 1271 virtus
1078 1209 1114 1269 eil

234 1300 290 1342 una
305 1283 434 1342 altiffimis
448 1282 538 1342 delixa
551 1282 700 1343 radicibus:
720 1300 785 1360 quae
798 1298 955 1360 numquam
967 1284 1023 1344 ulla
1036 1287 1066 1345 vi
1078 1286 1116 1346 la·

31 1397 35 1404 .
73 1361 91 1410 d
103 1358 201 1439 donov.
233 1357 364 1421 befadlari
377 1359 482 1435 potest,
501 1378 657 1437 numquam
670 1360 685 1405 d
698 1358 845 1419 demoveri
854 1358 930 1420 loco.
947 1359 1002 1425 hac
1015 1364 1116 1423 victure

73 1426 127 1475 ⁴¹⁸¹·
233 1437 354 1511 majores
367 1450 381 1480 e
396 1435 475 1492 vestri
488 1435 610 1511 primum
630 1435 786 1494 universam
808 1435 916 1499 Italiam
936 1434 1113 1499 devicemnt:
1147 1488 1150 1493 .

73 1487 181 1599 :hfffstd
234 1511 334 1571 deinde
340 1510 539 1587 Karthaginem
552 1512 731 1571 exsciderunt.
749 1512 934 1571 Numantiam
946 1526 1117 1588 euenerunt,

74 1617 101 1664 p,
114 1586 225 1667 egem.
276 1586 441 1647 tentiffimos
454 1605 483 1647 re
502 1586 764 1656 es,bellicofiffimas
775 1598 884 1664 gentes,
893 1600 920 1628 ¹²
934 1589 964 1648 in
977 1590 1114 1653 ditionem
1157 1592 1160 1631 ²

257 1605 625 1743 ulusimperiireffegerunt.
1156 1658 1160 1729 ¹,

191 1770 227 1827 14
275 1741 326 1800 Vl.
346 1743 400 1800 Ac
421 1760 639 1811 urlJonnaus
658 1739 773 1817 quidem
786 1740 1114 1817 vestris,Quitites,cum
1156 1734 1160 1805 l

236 1834 275 1877 eo
293 1816 371 1876 hoste
392 1834 434 1876 res
454 1829 536 1886 erat,
555 1820 604 1895 qui
622 1817 735 1875 haberet
755 1816 971 1894 rempublicam,
991 1824 1114 1894 curiam,

236 1895 382 1961 aerarium,
402 1893 564 1952 consensum
584 1895 613 1952 δι
628 1892 810 1953 concordiam
824 1896 952 1964 civium,
977 1900 1116 1959 tationem

237 1969 375 2048 aliquam,
394 1968 414 2028 fi
433 1986 475 2028 res
492 1970 530 2029 ita
548 1967 666 2039 tuliffet,
684 1974 759 2045 pacis
779 1971 809 2028 &
823 1970 948 2029 foederis:
968 1970 1016 2030 hic
1030 1975 1115 2037 vester

205 2058 207 2064 ’
235 2045 320 2106 bostis
330 2045 447 2105 vestram
459 2047 657 2122 rempublicam
671 2062 746 2123 oppu
766 2046 886 2123 nat,ipse
898 2046 983 2106 haber
993 2051 1115 2112 nullame
1150 2100 1155 2127 -:

236 2122 379 2193 senatum,
399 2122 428 2181 id
441 2121 479 2180 est
487 2165 496 2193 ,
504 2123 577 2182 orbis
590 2135 671 2182 terrae
683 2064 828 2182 conigium
838 2122 946 2193 ,delere
956 2124 1037 2198 gestit
1045 2129 1116 2204 ,ipse
1150 2132 1154 2179 ἵ

237 2198 384 2258 confilium
397 2197 538 2275 publicum
554 2199 661 2258 nullum
674 2198 771 2259 babet:
791 2200 919 2258 aerarium
937 2199 1056 2262 vestrum
1070 2221 1118 2265 ex·

236 2274 341 2344 hausit,
360 2274 440 2334 suum
461 2275 630 2335 nonhabet.
649 2294 715 2335 nam
737 2276 917 2335 concordiam
937 2276 1044 2338 civium
1065 2280 1141 2358 qui=

237 2351 339 2446 habere
352 2351 458 2428 potest,
477 2351 581 2412 nullam
595 2354 667 2432 fqui
678 2352 778 2413 habeat
795 2349 959 2413 civitatem?
976 2355 1053 2430 pacis
1066 2374 1115 2493 neg
1154 2352 1160 2459 l

1082 2450 1096 2493 r

1152 2542 1160 2573 a

269 2629 307 2664 ro.
324 2613 380 2675 Qu
385 2613 476 2679 propria
487 2610 515 2668 est
525 2613 620 2682 Tqmaem'
624 2612 708 2675 generis
718 2611 744 2664 (τ
752 2613 864 2673 semime]
881 2612 952 2659 Meus
962 2609 1055 2672 codex:
1071 2630 1116 2679 qu

186 2726 191 2733 ,
234 2680 325 2742 propria
335 2676 365 2738 est
380 2679 477 2741 ‘Romam‘
487 2681 580 2723 nominis
591 2678 617 2727 do·
628 2677 724 2733 feminis.
736 2691 794 2723 mon
805 2675 881 2724 male.
903 2680 1026 2741 ‘Romanum
1042 2694 1115 2726 nomm

239 2742 338 2808 quoties
349 2740 376 2788 in
386 2739 424 2788 his
434 2737 490 2803 ipsas
502 2738 644 2804 Philippicis
661 2739 688 2787 lle.
699 2738 754 2787 aliis
764 2740 792 2787 in
808 2738 871 2787 locis
887 2751 932 2801 pro
949 2744 1061 2804 Qmanm
1091 2760 1116 2787 o·

235 2809 303 2870 palus
318 2803 422 2868 legitur?
439 2802 485 2851 Sed
500 2803 558 2914 quia
575 2802 706 2850 vaticanus
723 2803 748 2851 δι
767 2801 856 2866 reliqui
868 2803 936 2850 MSS.
948 2816 1001 2851 non
1011 2816 1043 2851 co
1071 2817 1115 2853 en-

237 2868 318 2923 tiunt,
334 2882 387 2914 non
399 2865 496 2915 sustinui
525 2880 570 2913 anc
581 2880 669 2914 vocem
681 2879 808 2929 reponere.
825 2870 899 2914 Gran.

243 2942 245 2946 '
269 2946 306 2979 11.
323 2932 458 2994 Quanquam
468 2932 516 2975 alia
526 2930 679 2989 omniafalsa,
696 2932 790 2984 incerta,
807 2930 899 2984 educa,
915 2928 1023 2976 mabilia:
1039 2932 1114 2980 virtue

161 3025 163 3030 ·
225 2988 262 3057 'est
275 2996 334 3053 dre]
349 2998 389 3042 lta
397 2991 432 3041 est
443 2994 469 3040 in
479 2992 613 3049 vaticano,
631 3006 687 3040 cum
698 2992 725 3040 in
737 2992 793 3040 aliis
802 2990 862 3040 defit
874 3004 923 3039 vox
929 2992 1000 3052 salfiz.
1018 2990 1098 3044 Urfin.

268 3072 307 3107 η.
323 3065 350 3104 In
360 3059 465 3103 dicionem
476 3059 539 3111 huius
551 3058 639 3119 imperii
650 3059 799 3119 redegeram]
815 3055 853 3104 sic
863 3053 879 3103 l.
895 3055 954 3104 col.
967 3054 1038 3120 (nam
1050 3070 1116 3106 cete·

150 3122 154 3127 '
233 3122 256 3170 ri
267 3134 322 3171 cum
333 3117 453 3182 impreffis
464 3117 632 3179 consentiunt)
643 3120 769 3169 ditionem.
786 3119 972 3187 momeliam:
980 3120 1036 3185 quis
1046 3122 1116 3171 enim

182 3199 193 3221 s
233 3198 344 3249 unquam
355 3181 494 3232 sielocurus
504 3180 552 3238 eli,
569 3193 595 3229 ut
606 3181 711 3238 diceret,
728 3187 895 3232 redemtionem
912 3185 1002 3245 imperii
1019 3188 1116 3234 utimr

235 3251 332 3312 redegit?
350 3259 375 3295 at
390 3245 502 3311 oppida,
524 3245 617 3294 milites
634 3246 659 3294 δι
678 3244 801 3303 eiusmodi
816 3257 896 3294 cetera
913 3247 1044 3293 olitionem
1056 3249 1116 3309 feu-

233 3325 300 3367 runr,
316 3313 340 3357 in
350 3312 480 3358 deditionem
490 3309 640 3372 aceeprifiort,
657 3308 829 3358 historicorum
841 3306 910 3356 libris
926 3306 1050 3361 usitatum.
1087 3321 1115 3364 ιη

232 3370 339 3423 ditium
350 3388 408 3421 vero
417 3375 511 3436 redigere
521 3374 556 3420 ita
567 3372 654 3422 tritum
664 3373 744 3428 est‚ut
755 3372 876 3437 exemplis
888 3384 920 3419 eo
930 3369 1111 3436 supersedeam,

232 3436 302 3489 rein
311 3451 338 3488 re
347 3437 417 3491 tenui
427 3450 455 3488 ac
464 3435 590 3502 perspicua
599 3437 693 3489 multus
702 3434 750 3490 else
759 3435 851 3504 uidear,
867 3439 993 3488 ferrarius.

1004 3537 1043 3582 13.
1060 3529 1114 3578 cm
