2324 3930
209 150 292 235 3186
527 148 776 217 Onarto

162 320 169 331 ,
210 246 1097 336 ῃίῡῑοηὲ111111101ηοιιιριιῑαεφεῃίιιιετεζᾳηδᾶίοῑοεῐιιῐᾱ

55 316 183 403 ssf²¹¹⁶1¹⁹
211 330 275 389 sore
293 329 383 405 speras
404 328 607 389 dominatioms
624 326 755 385 Antomt.
772 342 802 385 m
821 342 881 404 quo
903 326 945 386 bis
958 328 1096 389 elabente

51 386 159 464 (ΨΜ
212 406 335 482 primitm
368 405 632 465 ubdtuasrationes
646 401 1099 481 communibusanteponisadeiu·

53 452 107 501 ⁴²¹⁸·
214 481 268 553 de,
287 424 368 561 quod
400 482 535 561 uidquam
548 480 642 540 stabile
654 482 685 569 in
699 496 787 556 regno
804 491 852 539 aut
866 479 1033 570 jucundum
1048 498 1098 560 pu·¹

213 570 265 620 tas.
281 578 358 632 non,
378 501 462 620 draibi
475 571 556 619 antea
569 559 697 645 prosint,
711 556 964 645 semper-prodent.
978 602 981 607 .

14 704 18 711 ,
173 637 207 699 13
255 638 438 713 Quinetiam,
458 635 622 705 tmemini,
641 634 678 694 de
689 632 738 694 rllo
748 634 867 695 homme
882 636 964 713 queri
984 632 1100 696 solebat:

54 702 74 753 ¹¹
88 714 166 752 mem·
218 714 287 792 quid
300 726 328 774 te
342 714 481 774 faciurum
496 712 531 773 de
542 710 633 771 bellua
645 708 744 788 putas?
755 710 846 799 Atqui
860 713 902 771 iis
915 729 958 784 es,
967 713 1020 790 qui
1031 712 1101 773 sem·

55 766 199 881 mm,-
219 809 381 868 perpacem
395 791 514 868 optaris,
533 789 641 866 semper
653 806 756 848 omnes
767 806 843 849 crues
862 789 953 850 salvos
972 788 1105 859 volneris,

56 896 66 941 t
83 894 119 941 aas
131 906 188 940 eum
223 880 250 919 ¹³
266 868 393 927 Honesta
407 868 515 926 oratio:
532 865 650 935 sedita,
670 865 796 925 srbonos
817 874 848 912 ¹⁴
860 868 891 925 &
909 866 995 925 utiles
1012 866 1101 943 reipu-

56 970 85 1006 ιε
97 943 298 1019 else,quiblicae
319 946 408 1004 cives:
428 943 627 1078 lincomffui
645 942 743 1030 natuti
763 942 840 1001 cives
857 942 937 1030 sunt,
955 942 1101 1031 voluntate

57 1023 137 1070 Μ·
148 1022 203 1067 Ma·
217 1020 419 1091 hostes,salvos
431 1019 572 1097 veltszqur
603 1018 718 1078 tandem
732 1018 842 1078 interest
855 1032 928 1078 mter
939 1031 970 1078 te
985 1014 1102 1079 &rllosi

56 1097 107 1194 2¹⁴}-
118 1088 193 1131 GM·
217 1097 296 1155 Pater
309 1097 427 1175 quidem
438 1109 514 1167 tuus,
534 1114 594 1175 quo
606 1096 704 1155 utebar
714 1100 730 1142 t
741 1095 807 1154 sene
819 1092 1000 1167 adolescens,
1010 1096 1099 1156 homo

58 1159 324 1258 &ossg‘adffisevetus
343 1175 373 1233 &
385 1174 522 1251 prudens,
542 1175 646 1249 primas
658 1173 790 1231 omnium
803 1171 909 1231 citium
925 1174 955 1232 P.
970 1170 1099 1243 Nalicae,

58 1276 110 1321 φῖ,
214 1251 264 1327 qui
277 1250 327 1311 Ti.
341 1252 502 1310 Gracchum
514 1248 669 1320 interfecit,
677 1246 742 1307 dare
754 1245 867 1307 solebat.
883 1250 943 1325 ejus
956 1250 1037 1309 enim
1049 1248 1101 1309 vit·

214 1338 292 1398 tute,
311 1327 445 1397 consilio,
464 1326 658 1404 magnitudine
669 1326 773 1397 animi,
792 1324 938 1385 liberatam
950 1326 1102 1404 rempubli-

215 1422 279 1462 cam
292 1404 478 1462 arbitrabatur.

175 1496 209 1551 14
257 1479 355 1555 Quid?
374 1498 427 1539 nos
439 1479 587 1555 *apartibus
600 1498 670 1538 num
690 1478 768 1537 aliter
787 1476 970 1556 accepimus?
990 1478 1066 1557 Ergo
1077 1478 1100 1539 is

19 1605 22 1613 .
214 1558 263 1615 tibi
276 1556 359 1625 civis,
380 1556 400 1617 st
413 1557 587 1632 temporibus
598 1556 650 1615 illis
663 1552 836 1627 sullies,non
848 1556 1030 1633 probaretur,
1038 1558 1100 1635 quia

55 1650 66 1697 1
86 1652 112 1697 t.
124 1646 190 1697 deest
214 1650 274 1691 non
288 1649 390 1691 omnes
402 1632 492 1692 salvos
504 1629 557 1691 esse
570 1629 708 1692 voluisset.
725 1632 802 1709 Quid
814 1635 821 1678 ¹
833 1642 863 1691 L.
874 1633 996 1709 opimius
1016 1634 1100 1711 consul

56 1714 84 1761 in
95 1712 158 1761 aliia.
213 1710 294 1766 verbe
301 1710 366 1781 feeit
380 1710 410 1767 de
423 1709 564 1788 republica,
582 1710 655 1767 deca
669 1729 695 1767 re
707 1709 747 1770 ira
768 1708 937 1783 censuerunt,
956 1712 1037 1771 ΗΠ
1056 1710 1100 1771 O·

211 1805 318 1845 otiatus
346 1804 494 1845 consor
515 1803 802 1845 namronrrcata
824 1804 1099 1850 perruperint.

213 1866 329 1921 Senatus
346 1864 409 1922 haec
427 1864 533 1933 verbis,
554 1863 686 1937 Opimius
697 1866 789 1925 armis.
825 1864 905 1923 Num
918 1864 1004 1940 igitur
1015 1882 1100 1935 eutn,

212 1940 307 1999 situm
322 1936 404 2009 effes,
424 1940 607 1999 temerarium
621 1942 715 1999 civem
733 1951 782 1999 aut
802 1939 946 2000 crudelem
966 1940 1100 2016 putares?

56 2028 84 2062 m
99 2016 145 2062 alii
154 2026 195 2064 aut
213 2028 262 2073 aut
281 2019 321 2089 Q.
335 2015 501 2085 Metellum,
521 2017 599 2093 cujus
619 2028 750 2093 quattuor
768 2015 818 2075 filii
836 2016 1015 2076 consulates?
1036 2018 1100 2079 ml'.

54 2081 83 2130 Ρ·
95 2082 167 2129 nent.
215 2091 388 2162 Lentulum,
401 2094 558 2168 principem
572 2108 588 2139 n
599 2091 726 2152 senates?
745 2111 761 2141 ο
774 2092 902 2168 complut
943 2092 1102 2153 aliorsum·

53 2145 134 2253 2721?
140 2146 210 2254 gna,
217 2186 281 2228 mos
291 2171 383 2237 viros,
402 2170 451 2247 qui
465 2187 531 2231 cum
544 2184 560 2229 1
573 2169 610 2229 L.
624 2170 745 2245 Opimio
765 2170 878 2229 consule
895 2186 911 2227 a
958 2169 998 2228 ati
1011 2170 1102 2229 Grac·

55 2278 146 2316 torem.
1013 2246 1101 2307 chum

53 2343 73 2377 o
90 2330 166 2394 quid?

54 2394 177 2457 complut.

53 2459 108 2504 alii.
214 2418 379 2479 cambjusleac
390 2419 503 2481 necepbrr'a
514 2417 550 2480 esi.
568 2416 659 2467 subesse
673 2418 793 2468 mendum
810 2418 903 2468 viderat
920 2418 947 2467 dt
964 2420 1098 2473 Ferrarius.

234 2498 266 2530 uo
277 2482 355 2531 modo
367 2482 509 2531 tollendum
519 2479 578 2531 esset
590 2483 674 2531 videre
685 2499 738 2531 non
750 2496 872 2547 potuerat.
889 2497 922 2531 ne
933 2497 982 2532 noa
994 2484 1097 2551 quidem

54 2531 71 2594 P
88 2521 122 2595 1¹¹.
128 2522 183 2596 Μ
215 2497 267 2595 dne
278 2547 366 2595 veteris
378 2546 433 2595 libri
446 2561 492 2610 ope
503 2543 671 2611 potuissemus.
689 2553 801 2597 Muretus.

52 2599 79 2630 '²'
88 2585 151 2636 ‘¹³³³‘
248 2625 285 2665 13·
306 2610 397 2668 Honesta
407 2614 496 2669 oraria]
513 2615 641 2674 sumptum
652 2626 682 2659 ex
695 2608 787 2660 Andria
800 2608 924 2660 Terentii:
936 2612 1046 2673 Quaesese
1056 2632 1098 2661 vr·

213 2676 259 2722 loir
270 2677 294 2722 in
304 2676 374 2738 ignem
384 2677 501 2734 conjicere,
514 2678 618 2737 prohibui
624 2709 631 2732 ,
643 2676 746 2736 servavi.
765 2678 855 2735 Honesta
866 2678 946 2723 oratio.
969 2679 1010 2724 De
1021 2674 1094 2728 Offic.

213 2742 279 2800 Vulgo
290 2741 420 2802 loquuntur,
432 2739 476 2799 sese
487 2744 510 2786 in
520 2739 624 2799 benefieiis
638 2740 767 2786 collocandis
776 2756 845 2786 morer
855 2740 982 2795 bominum,
996 2758 1038 2788 nm
1045 2742 1097 2801 for·

212 2814 289 2849 tunam
296 2803 367 2865 sequi.
384 2801 467 2860 honesta
484 2802 562 2850 aritio.
582 2802 650 2849 Male
668 2803 726 2859 alii,
743 2805 807 2849 ratio.
825 2814 899 2857 nam,
915 2805 1002 2860 oratio,
1019 2804 1096 2854 refer·

210 2877 251 2912 tur
263 2863 293 2911 ad
307 2864 498 2929 verbum,quod
512 2866 659 2929 loquentem
670 2864 824 2922 ostendit-,in
836 2864 951 2914 omnibus
963 2869 1097 2933 exemplis,

212 2929 254 2976 ubi
265 2929 428 2992 subjungitur,
444 2930 528 2989 bonose
539 2934 617 2977 orario.
635 2934 660 2979 Ρ,
674 2933 773 2979 Manut.

246 3006 282 3049 14.
300 2998 331 3039 Et
341 2995 420 3047 utiles,
437 2994 464 3042 (5⁴
475 3010 485 3038 e
496 3006 538 3055 rep.
554 2997 638 3051 rivin]
657 2994 722 3049 Alii,
739 2995 766 3044 (θ’
782 2994 848 3041 utiles
864 2994 920 3055 reip.
936 2993 1007 3044 cr'vee.
1024 2994 1094 3061 quod

210 3070 259 3103 nos
270 3054 406 3110 edidimus,
422 3056 511 3103 melius
524 3055 585 3112 effe,
601 3054 688 3119 fiquis
704 3069 792 3121 neget,
808 3069 849 3104 aut
867 3054 962 3104 invidia
978 3072 1032 3107 non
1051 3075 1093 3109 cat·

208 3132 275 3175 teat,
293 3132 333 3167 aut
345 3119 435 3177 judicio
447 3132 535 3167 careat.
554 3124 662 3169 asurerus.
680 3125 710 3167 Et
721 3123 798 3168 urileis
808 3123 863 3183 reip.
874 3124 964 3179 cirria]
981 3123 1093 3176 Fa'e'rnue

208 3183 236 3229 &
247 3187 357 3230 Muretus
368 3183 496 3230 ediderunt
507 3197 537 3230 ert
549 3184 596 3231 illo
608 3182 694 3232 codice
705 3184 823 3247 antiquo:
840 3186 867 3234 dr*
877 3186 969 3242 utiler's,
987 3187 1013 3238 (r
1025 3204 1037 3233 e
1047 3202 1093 3250 rep.

205 3250 284 3293 civeis.
302 3246 389 3295 Lamb.
407 3250 472 3294 Cum
484 3247 510 3293 in
524 3249 618 3295 Colon.
629 3250 715 3296 Franc.
729 3245 868 3295 Amstetod.
886 3249 912 3295 δι
932 3262 992 3296 meo
1003 3250 1093 3301 codice

205 3307 399 3370 legissem,bonor
409 3314 435 3360 ir
448 3313 512 3356 utiles
524 3313 550 3361 ,ir
562 3330 583 3357 r.
591 3325 614 3372 p.
626 3314 697 3366 cives,
706 3310 869 3368 conjiciebam
880 3311 1016 3375 legendum
1026 3313 1091 3372 effe,

206 3384 233 3419 ut
245 3371 378 3435 legendum
390 3374 487 3420 censent
501 3378 612 3422 Muretus
623 3376 649 3422 δι
662 3377 928 3439 Fa'e'rnus,antequam
937 3389 1024 3425 eorum
1036 3380 1093 3427 ani·

204 3434 387 3483 madversrones
397 3439 565 3495 inspexeram,
581 3441 648 3489 utiles
657 3442 684 3493 d·
694 3456 706 3490 1
717 3452 759 3505 rep.
773 3442 848 3499 cives,
864 3438 1019 3505 quodetiam
1030 3456 1092 3507 pto·

204 3496 272 3550 bavit
283 3503 309 3552 P.
322 3500 458 3554 Manutius.
475 3505 551 3556 Grau,
850 3502 862 3529 ⁸·

964 3579 1005 3627 15.
1021 3572 1093 3637 Grae
