2324 3930
219 125 303 209 mm
539 115 802 189 Onnrro
875 155 878 169 ·

56 246 74 281 x
93 220 206 300 mprmil·
220 229 333 307 Mylasis
346 244 369 276 x>
376 222 510 286 mirmillo
517 220 661 283 Thracem
671 225 998 303 Jugulavit,familiarenr
1009 233 1106 294 suum?

55 296 82 342 ¹⁰
93 294 145 336 ⁶²¹¹·
220 324 346 444 Quonam
361 304 452 365 modo
466 301 547 360 istum
560 302 632 360 ferre
642 300 829 377 pollemus,fi
841 307 873 366 ln
885 305 942 365 hoc
956 309 1107 386 loro‚spe-

52 348 208 465 ,ἴῇῧέῗέῙὶ
250 384 355 443 antibus
366 381 462 449 vobis,
483 376 680 454 depugnasset?
701 379 755 441 Sed
766 380 829 441 haec
839 399 896 442 una
909 382 1004 445 statua
1026 397 1051 434 ¹⁵
1067 387 1108 446 al·

54 479 103 528 aad.
114 489 169 525 vm.
220 473 278 521 tera
290 480 305 520 r
318 461 352 519 ab
364 454 502 536 equitibus
516 456 670 525 Romanis,
678 473 753 535 equo
766 459 892 535 publico:
912 461 964 538 qui
974 461 1044 522 item
1053 463 1115 524 ‘ad-'

53 544 206 596 melin.
218 538 355 607 scribunt,
375 554 473 594 narn
484 553 502 590 ο
510 551 530 590 n
539 552 569 592 ο.
600 536 698 610 Quem
712 551 855 612 umquam.
863 535 911 595 iste
925 537 999 597 ordo
1011 551 1106 615 patro-

214 632 289 678 num
303 608 466 690 adoptavit?
484 610 544 728 fi‘l
558 612 813 698 emquam,debuit
824 631 882 673 me.
898 611 945 672 sed
958 631 1008 674 me
1019 617 1108 678 omit·

218 706 261 755 to.
279 709 366 772 quern
378 688 539 749 censorem.
563 705 651 765 quem
664 688 887 765 tmperatorem?
901 707 1000 766 agrurn
1010 691 1054 753 his
1064 694 1107 753 di·

152 798 155 803 ·
218 771 291 831 vilit.
313 769 357 837 <O
372 765 512 837 sordidos,
531 767 581 842 qui
593 771 781 841 acceperuntl.
796 765 981 844 improbum,
993 771 1042 847 qui
1056 769 1109 846 deff
1144 766 1150 775 ’

57 854 64 862 ”
220 849 307 908 derit!
694 875 697 880 -
776 894 779 901 ,
891 892 894 897 ,
959 899 961 903 ,
995 856 998 865 ·

142 918 145 923 ’
170 937 221 997 14,
259 925 417 985 statuerunt
436 920 523 981 etiarn
543 919 645 981 tribuni
663 920 811 993 militares,
830 924 879 1000 qui
898 920 1108 983 inexercitibus

222 1001 336 1060 Caesaris
355 998 463 1058 duobus
481 1000 604 1063 fuerunt.
637 998 762 1075 Quieell
773 999 822 1057 iste
835 998 929 1060 ordo?
948 998 1030 1058 multi
1039 1001 1106 1059 fne-

136 1134 139 1141 .
218 1090 285 1140 runt
299 1076 393 1136 multis
405 1077 435 1134 in
448 1074 602 1152 legionibus
614 1086 817 1151 pertotaunos.
834 1076 877 1135 his
888 1092 1005 1154 quoque
1022 1077 1050 1128 ¹9
1064 1075 1106 1135 di·

155 1195 159 1202 ·
218 1153 281 1216 visit
293 1153 462 1214 Semurium.
479 1155 603 1228 Campus
615 1152 734 1221 Martius
745 1153 875 1222 restabat,
887 1152 939 1211 nisi
949 1153 1025 1229 prius
1036 1168 1103 1211 curn

218 1234 303 1293 fratre
317 1229 435 1306 fugiffet.
454 1229 508 1289 Sed
518 1227 581 1289 haec
594 1246 726 1306 agrorum
747 1230 889 1307 affignatr'o
908 1228 1002 1306 paullo
1023 1227 1105 1300 antd,

160 1314 162 1327 '
219 1309 368 1385 Quirites,
390 1308 426 1366 L.
446 1306 581 1374 Caesaris,
614 1307 750 1366 clariffimi
768 1308 820 1366 viri
846 1307 876 1365 δι
895 1305 1107 1382 praestandllimi

218 1386 364 1450 senatoris,
375 1382 507 1441 sententia
519 1381 645 1442 diffoluta
659 1384 706 1442 est.
725 1380 994 1452 huicenimalienfi,
1017 1393 1045 1431 ¹²
1063 1380 1105 1441 se·

110 1455 113 1462 ’
219 1461 394 1538 ptemvirum
414 1458 475 1517 atla
497 1458 659 1519 sullulimus.
694 1460 794 1533 Jacent
812 1459 947 1519 beneficia
965 1459 1104 1518 Nuculae:

218 1540 302 1614 friget
314 1547 447 1612 patronus
459 1535 609 1595 Antonius.
626 1554 693 1596 narn
706 1535 867 1613 pQffellores
879 1537 976 1596 animo
990 1536 1108 1614 .aequio-

220 1631 252 1675 re
272 1611 426 1673 discedent:
447 1612 551 1672 nullam
572 1612 891 1689 impensam'fecerantr
910 1613 1042 1674 nondum
1061 1613 1105 1671 iu·

220 1691 387 1758 struxerant,
394 1690 495 1766 partim
508 1690 646 1766 quianon
659 1690 850 1760 confidebant,
858 1692 1031 1769 partimquia
1043 1706 1105 1749 nou

110 1768 114 1783 ¹
171 1768 368 1851 '15lrabebant
405 1766 459 1825 Sed
475 1765 520 1824 illa
539 1766 624 1825 statua
644 1766 786 1839 palmaris,
807 1768 843 1826 de
861 1785 934 1844 qua,
952 1765 1118 1827 fimeliora.

71 1858 74 1867 ’
173 1847 176 1851 ’
222 1848 352 1924 tempora
374 1841 476 1913 effent,
496 1860 556 1902 non
574 1840 682 1919 poffem
701 1843 757 1901 srne
777 1844 831 1904 risu
850 1844 958 1903 dicere:
979 1845 1016 1905 L.
1034 1844 1107 1903 Au-

249 1970 251 1975 .
1046 1941 1108 1980 ro·

217 2136 220 2145 ,
254 2102 294 2144 15·
311 2086 397 2133 ,Altera
414 2085 535 2148 Equitium
550 2090 636 2148 Rom.)
653 2084 751 2134 Eodem
767 2085 847 2134 modo
862 2083 912 2142 l.s.
927 2098 995 2150 ego,
1018 2087 1106 2136 Altera

84 2150 90 2194 ἱ
158 2180 161 2185 -
222 2157 244 2203 Β
256 2151 368 2223 Qu.
385 2148 496 2210 equitum
507 2151 584 2195 Rom.
602 2162 663 2213 quas
674 2147 867 2212 scilicetequites
878 2153 953 2198 Rom.
962 2146 1104 2211 posuerant.

130 2250 133 2255 -
194 2226 197 2231 ·
223 2215 355 2264 utlrtterae
372 2209 472 2259 Caesaris
489 2209 601 2261 llb.111.
617 2212 686 2276 epist.
704 2208 734 2260 ad
753 2215 860 2273 QFrat.
897 2226 939 2260 uas
956 2212 1054 2261 Tullius
1071 2213 1104 2263 ad

148 2326 152 2333 ,
224 2276 346 2327 Caesarem
358 2273 471 2322 dederat:
488 2277 555 2336 Quod
564 2278 677 2338 antiquior
687 2277 733 2322 dies
745 2279 768 2323 in
779 2281 825 2324 tais
830 2227 909 2338 saffo
920 2277 1027 2339 adscripta
1040 2280 1104 2326 liare·

221 2345 257 2392 ris
272 2338 341 2405 quiem
358 2340 389 2397 inl
400 2340 493 2399 Μανία.
517 2351 578 2387 nam
588 2339 656 2404 quod
667 2337 792 2403 reposuere
827 2339 923 2396 uidam,
940 2347 980 2387 ,At
996 2343 1105 2390 socrui

223 2405 345 2469 Equiribus
356 2409 420 2469 Rom.
438 2400 465 2449 id
477 2398 573 2467 (credo)
586 2403 628 2450 lua
637 2401 799 2468 sponte,non
808 2355 1107 2453 delibrorumauuorin-

224 2480 251 2518 te
262 2465 381 2516 fecerunt.
399 2470 487 2514 Ferrar.

256 2538 294 2578 16.
311 2531 399 2588 Divisit
410 2531 562 2588 Semurium]
577 2532 723 2587 nemurium,
739 2544 792 2578 non
809 2534 950 2588 Semurium,
967 2542 994 2579 ut
1010 2529 1104 2585 habent

224 2608 314 2645 omnes
324 2593 394 2650 libri,
410 2603 480 2655 putat
490 2593 625 2657 legendum
634 2594 736 2643 Hieron.
754 2596 884 2646 Ferrarius.
907 2594 946 2642 sed
959 2608 1008 2660 ego
1020 2609 1107 2645 vetue-

222 2672 278 2709 nam
291 2657 354 2707 olim
366 2656 501 2730 quidquam
520 2658 618 2705 mutari.
641 2672 699 2706 nam
715 2658 837 2722 primum,
855 2662 995 2714 Semurium,
1010 2657 1104 2711 habeut

214 2736 313 2773 ioannes
323 2720 382 2769 libn
393 2722 419 2770 ὃ(
430 2717 587 2785 manuscripti
605 2722 631 2770 ὃ(
642 2722 736 2784 vulgati
742 2730 756 2778 ',
773 2733 800 2769 ut
812 2722 872 2771 dixi.
890 2721 979 2769 deinde
991 2755 999 2777 ‚
1018 2726 1105 2771 Semu-

222 2784 301 2842 rium,
318 2783 413 2833 constat
424 2796 509 2848 agrurn
519 2782 588 2832 fuisse
599 2783 647 2831 hoc
657 2785 774 2841 nornine,
791 2800 865 2850 quern
881 2786 975 2849 populo
991 2789 1023 2834 R.
1035 2787 1107 2850 lega·

127 2862 132 2871 ·
199 2885 203 2902 ,
223 2860 294 2897 verat
310 2849 440 2896 Larentia:
457 2846 531 2911 idque
548 2861 584 2895 en
598 2849 748 2904 Macrobio,
764 2847 782 2896 li
799 2849 838 2896 cul
852 2847 918 2897 forte
935 2847 1036 2897 dubium
1054 2848 1104 2908 est,
1129 2894 1132 2901 .

117 2969 120 2976 Ι
221 2911 370 2976 cognoscere
382 2909 503 2964 licet,lib.
520 2926 540 2958 r.
558 2915 651 2960 saturn.
660 2927 711 2975 cap.
721 2927 757 2960 ιο.
777 2912 1107 2969 CatoaitLarentiam,me·

220 2974 419 3039 retrleioquaellu
429 2974 621 3038 locupletatam,
627 2976 680 3038 post
692 2975 813 3027 entellum
818 2973 885 3024 suurn
891 2976 1023 3040 populun.
1031 2990 1106 3042 agros

221 3036 357 3095 Turacem,
375 3037 524 3094 Serrrurium,
541 3037 698 3088 Lincerinurn
715 3043 740 3088 δι
757 3040 883 3095 solinum,
898 3039 1035 3103 reliqum,
1052 3043 1104 3090 διο.

221 3103 351 3152 Admonet
364 3103 390 3150 δι
402 3101 461 3151 lldr.
474 3099 600 3149 Turnebus
611 3102 653 3150 lib.
667 3108 752 3152 Xlllll.
771 3103 898 3152 Adverlar.
915 3116 968 3166 cap.
982 3119 1004 3158 3.
1023 3106 1102 3154 lamb.

233 3204 236 3209 .
257 3182 295 3222 17.
313 3166 475 3230 Septemvirtlm
490 3168 540 3212 aua
551 3168 705 3227 [astulam]
727 3167 871 3230 Septemviri
888 3167 960 3224 sunt,
977 3166 1021 3230 qui
1038 3167 1106 3232 agris

221 3224 362 3277 dividendis
374 3231 400 3280 &
411 3227 559 3294 allignandis
570 3243 638 3278 erant
651 3230 740 3287 creati,
756 3234 794 3278 M.
808 3232 833 3278 &
846 3235 874 3279 L.
888 3229 1006 3286 Antonii,
1022 3233 1107 3279 Dola·

222 3288 309 3351 bella,
326 3297 410 3341 Cento
427 3296 452 3343 &
471 3292 575 3342 Nucula.
598 3299 629 3344 c.
661 3309 743 3359 uoque
760 3295 884 3342 Antonius
900 3295 987 3344 virvir
998 3292 1060 3351 fuit,
1077 3304 1106 3343 ut

221 3355 313 3403 Cicero
324 3358 401 3405 Attic.
414 3362 466 3409 xv.
474 3372 512 3422 ep.
522 3372 558 3410 19.
575 3309 689 3408 ostendit.
707 3360 754 3407 Hic
765 3355 866 3407 inferius
877 3357 939 3409 rnil.
951 3362 1005 3408 xli.
1024 3357 1105 3407 colle-
1134 3385 1137 3399 ι

222 3433 282 3483 gam
289 3420 552 3470 Nuculae&cenronis
564 3419 624 3469 dicit
635 3419 914 3488 hantoniumjsaepius
926 3436 985 3479 vem
996 3415 1120 3487 septena-⁸

210 3483 289 3537 'viros
300 3485 567 3557 vocataeaapeaanra,
584 3487 702 3557 Gravius,
1050 3504 1056 3513 ‘

955 3534 961 3545 ι
1004 3555 1044 3618 1⁸·
1060 3548 1107 3618 5⁴2
