2324 3930
231 157 315 241 mm
419 228 423 235 ,
547 152 796 223 Oaarro
906 164 919 179 '

233 258 316 346 nilus
327 268 438 321 tantum
450 257 536 321 licere
546 261 673 339 judicas,
692 274 830 342 quantum
843 255 970 340 poll'ont:
989 254 1121 342 vidente

73 324 194 440 ’.ΒΖΜ
236 334 334 422 alicnis
346 339 491 427 exemplit,
507 340 601 425 'iisque
613 342 784 427 recentibus,
803 342 862 411 uti,
880 338 967 475 quam
981 337 1033 421 illc
1047 342 1116 392 antr-

77 410 104 439 ¹⁸
137 408 176 441 '⁸¹'
238 428 300 489 qur:
318 416 349 473 &
368 416 526 476 domesticu
547 416 629 475 malle
643 418 763 477 videare.
780 416 868 491 Quod
891 434 901 473 ι
921 413 1117 473 auuontatem

238 490 392 566 interponis
407 492 464 551 line
478 493 576 562 armis,
597 496 684 569 magis
703 495 834 571 equidem
853 490 938 551 laudo
953 511 960 549 :
987 486 1035 547 led
1052 483 1118 542 vide

240 566 347 651 nelioc
359 569 446 643 ipsum
460 586 519 628 nou
534 568 567 626 lit
578 568 696 629 necelle.
720 576 901 647 Quamquam
915 583 991 626 enim
1006 562 1045 623 est
1057 573 1120 619 tan·

241 652 273 699 ta
283 660 312 701 ιιι
325 657 354 703 te
366 645 529 714 autumas,
547 658 650 722 quanta
661 646 743 705 debet
756 650 785 705 in
799 648 915 705 homine
933 639 1120 701 nobilillimo:
1140 686 1143 691 .

242 729 340 779 tamen
351 720 495 781 senatusse
507 722 562 797 iple
575 739 635 781 nott
648 725 820 782 contemnit:
840 738 894 781 nec
908 720 976 779 veto
987 716 1043 775 fuit
1057 728 1120 799 uttr-

242 812 330 872 quam
341 800 466 873 gratior,
486 798 670 870 constantior,
690 800 798 858 fortior.
816 795 922 859 Irrcenfi
936 809 1038 855 omnes
1050 804 1121 866 rapt·

216 970 219 975 ·
248 946 375 1007 ctoritate
394 964 485 1008 tantus
501 952 609 1009 senatus
627 952 779 1029 populique
799 952 921 1011 Romani
937 956 964 996 ¹⁹
977 946 1062 1005 ardor
1075 956 1121 1029 eq·

245 1024 364 1099 ilingui:
384 1026 519 1085 odimus:
537 1029 597 1086 irati
609 1044 777 1103 pugnamus:
798 1024 958 1104 extorqueri
976 1022 1014 1082 de
1035 1032 1122 1106 rnatu·

247 1098 298 1158 bus
310 1118 386 1161 arma
398 1120 458 1162 non
469 1101 600 1180 poliunt:
628 1106 753 1181 receptui
772 1104 880 1181 srgnum
899 1112 947 1161 aut
965 1108 1123 1181 revocatio:

247 1194 315 1237 nem
330 1176 346 1236 l
360 1179 434 1239 bello
446 1183 541 1240 audire
552 1198 611 1241 non
625 1181 955 1259 pollumur:lperamuso
974 1178 1061 1234 tima:
1070 1181 1122 1257 pati

206 1253 294 1319 t6'rel
307 1254 466 1315 difficillima
486 1258 625 1317 malumus
643 1259 730 1336 quim
749 1260 857 1319 servire.
957 1270 986 1310 ar
1000 1250 1123 1310 coniecti

245 1330 383 1391 :nuruum
396 1334 564 1393 exercitum:
583 1333 641 1394 duo
653 1335 789 1396 fortiffimi
807 1331 931 1393 consuler
948 1327 1046 1387 adsunt
1057 1338 1121 1385 cut!

244 888 310 931 mur
321 876 356 932 ad
368 876 521 933 lrbettatem
534 877 765 950 recuperandam:
786 892 845 935 non
865 870 954 951 potest
965 868 1056 928 ullius
1074 880 1121 925 au·-
1148 846 1159 1319 ι

249 1410 353 1481 copiis:
375 1409 411 1467 L.
423 1408 517 1468 Planci
530 1411 648 1471 consulis
658 1411 713 1471 defi
733 1414 788 1471 nati
802 1413 877 1470 vatia
889 1409 918 1469 &
932 1420 1034 1481 magna
1047 1399 1123 1461 auxi·

92 1480 222 1564 gpecimi
247 1484 283 1541 lia
296 1501 355 1541 non
369 1483 477 1569 desunt:
499 1485 535 1544 dt:
547 1502 561 1545 t
575 1487 612 1545 D.
624 1488 700 1546 Bruti
712 1430 796 1548 ialure
806 1496 935 1546 certatur.
952 1498 1024 1541 unua
1037 1478 1123 1539 turio·

91 1555 143 1601 ⁸¹¹¹·
247 1559 292 1617 itu
307 1559 441 1645 ¹gladiator
454 1578 520 1621 curn
534 1565 750 1624 taetetrirnotum
769 1566 908 1624 latronum
923 1574 1009 1619 manu
1027 1564 1124 1615 contra
1146 1584 1154 1640 3

248 1648 390 1711 potitam,
415 1650 512 1697 contra
533 1638 601 1698 deo:
619 1653 755 1716 penates,
781 1654 878 1700 contra
899 1653 958 1696 arar
976 1636 1008 1694 ἃ
1026 1635 1123 1698 iocor.
1147 1642 1154 1715 Ι

143 1729 172 1776 1.
183 1728 211 1776 u.
248 1725 347 1773 contra
359 1728 491 1792 quattuor
502 1716 629 1775 contule:
635 1718 707 1793 gerit
726 1717 838 1778 bellum.
875 1715 952 1775 Huic
971 1702 1123 1770 cedamus?
1150 1720 1154 1729 ·

195 1868 200 1876 Ι
247 1788 329 1925 Ιιιιέἑιι
342 1793 518 1926 εοιιὲιιιιοικι
531 1792 695 1854 audiamus?
715 1810 782 1856 cunr
793 1794 852 1855 hoc
864 1808 964 1872 pacem
976 1786 1036 1849 lieri
1049 1780 1124 1865 pole

248 1882 277 1924 cr
313 1884 392 1927 amns

232 1944 235 1949 '
286 1941 367 2003 v111.
387 1946 442 2005 Ar
462 1962 692 2007 aureorum
712 1947 774 2019 est,
797 1964 834 2007 ne
853 1944 964 2006 abhoc
984 1940 1126 2020 opprima·

249 2036 321 2106 mur.
340 2021 408 2081 Non
422 2037 537 2094 metuo,
555 2042 593 2083 ne
608 2027 647 2093 is,
667 2025 716 2101 qui
735 2026 788 2086 sui:
805 2022 975 2101 ampltffimi:
991 2017 1125 2084 fortunii:

93 2106 111 2157 lt
126 2107 198 2160 :obn
247 2094 299 2155 trrsr
311 2097 328 2141 b
340 2098 419 2157 bonis
431 2100 524 2168 salvis,
543 2100 598 2159 frui
610 2120 669 2161 non
682 2101 787 2178 potell,
805 2100 905 2177 prodat
914 2098 1027 2157 ialutem
1042 2094 1127 2153 suam.

93 2175 167 2223 uss,
250 2170 347 2235 Bono:
359 2177 436 2235 cives
448 2177 568 2253 primirtn
582 2192 678 2238 natura
699 2178 799 2248 efficit,
818 2176 931 2236 ad'urat
948 2172 1051 2233 deinde
1070 2171 1128 2230 iot·

251 2261 328 2313 tuna.
347 2253 477 2313 omnibu:
490 2257 565 2313 enirn
579 2255 661 2315 boni:
676 2256 803 2331 expedit,
820 2254 836 2312 i
857 2269 922 2311 vam
944 2248 999 2309 elle
1015 2262 1128 2324 rempu-
1151 2296 1154 2309 .

251 2326 363 2389 blicam.
380 2330 426 2389 ied
438 2333 467 2389 in
481 2333 527 2399 iis,
545 2333 594 2407 qui
612 2332 746 2389 fortunati
764 2331 841 2400 sunt,
859 2344 947 2403 magr:
965 2325 994 2384 id
1007 2332 1129 2399 apparet.

209 2410 241 2466 ι7
253 2404 325 2479 Quis
337 2407 505 2467 fortunatior
516 2405 641 2481 Lepido,
662 2417 694 2465 ut
705 2406 770 2465 ante
790 2402 869 2465 dixi?
886 2404 948 2481 quis
966 2400 1070 2458 eodem
1091 2398 1130 2459 la·

251 2482 335 2541 nior?
356 2484 424 2543 vidit
436 2485 493 2559 eju:
506 2482 661 2541 maellitiam
681 2494 766 2558 atque
782 2482 919 2555 lacrymat
937 2473 1057 2563 populus
1070 2476 1131 2535 Ro·

95 2574 107 2625 i
202 2573 352 2626 ammanus
364 2559 573 2635 Lupercalibus:
592 2557 680 2628 vidit,
698 2556 801 2635 iqulm
816 2553 1045 2631 :necunquam
1060 2567 1132 2613 cott-

96 2589 207 2701 jem.
217 2635 342 2701 erfectus
354 2633 433 2704 effer,
455 2633 518 2695 clm
539 2633 640 2693 Caesari
658 2634 786 2693 diadema
805 2635 955 2709 imponens
974 2628 1131 2697 Antonius,

96 2706 246 2755 mid-W·
266 2730 364 2772 ervum
377 2712 403 2770 le
422 2711 594 2788 illiusquam
616 2710 751 2788 collegam
775 2708 828 2769 elle
847 2708 975 2769 malebat.
992 2706 1042 2782 qui
1055 2704 1075 2763 ii
1089 2722 1132 2765 re-

97 2802 176 2855 kana·
185 2824 226 2855 m
256 2789 336 2866 liquis
347 2788 454 2863 flagitiis
468 2789 496 2847 &
511 2787 652 2847 sceleribus
663 2791 678 2835 k
690 2795 718 2847 le
730 2786 862 2846 abstinere
874 2781 1021 2862 potuillet,
1035 2794 1130 2841 tameat

97 2869 216 2923 amnt:
257 2882 345 2923 unum
366 2866 403 2922 ob
423 2865 478 2924 hoc
496 2864 598 2923 facium
618 2865 734 2940 dignum
754 2864 831 2922 illum
851 2862 933 2922 omni
951 2875 1035 2937 poena
1048 2870 1127 2935 puta·

257 2957 326 3000 rem.
344 2957 429 3011 tram,
447 2940 535 3016 sriple
553 2941 652 3000 lervire
670 2952 796 3016 poterat,
815 2940 896 2999 nobis
913 2936 1066 2997 dominum
1086 2948 1132 2995 cut

255 3016 476 3093 imponebam&
484 3016 520 3088 ,fi
534 3017 592 3093 ejrts
604 3018 720 3093 pueritia
731 3016 879 3093 pertulerat
889 3014 1132 3083 libidiuereotutu.

254 3097 305 3171 qui
320 3106 398 3152 erant
410 3094 439 3154 in
453 3111 518 3153 eum
532 3095 658 3171 tyranni,
676 3094 799 3154 etiamne
811 3094 841 3169 in
854 3090 1072 3151 nostrosliberos
1083 3088 1133 3149 do·

255 3173 369 3231 minum
391 3173 420 3229 ὃ(
441 3183 591 3249 tyrannum
615 3188 680 3231 com
719 3169 815 3231 tabat?
835 3169 932 3244 Itaque
953 3165 1000 3225 illo
1022 3168 1134 3227 interle-

257 3247 323 3316 cto,
342 3248 456 3325 qualem
469 3264 535 3307 eum
549 3248 580 3307 in
591 3264 673 3308 nore
723 3247 830 3318 voluit,
848 3242 976 3321 talisipte
988 3242 1018 3301 in
1029 3255 1136 3317 cetero:

256 3325 366 3384 exstitit.

975 3397 981 3409 .
1071 3396 1137 3475 Qm

230 3610 234 3617 Ι
290 3513 328 3561 ta.
344 3498 564 3568 maturrimam
576 3499 661 3559 llam
670 3499 821 3568 utlagatus
835 3498 949 3571 'clivi
962 3496 1086 3618 maa.
1103 3562 1139 3617 ὥ
