2324 3930
233 116 316 206 3³9⁶
511 74 860 180 -Ottnrro¹
1061 82 1065 92 ⁸
1150 74 1154 121 Ι

239 226 267 266 ss
283 214 317 272 C.
329 212 412 270 frater
426 209 497 288 (ejus
507 207 546 268 est
558 210 634 268 enim
642 209 704 286 jam
717 211 817 287 annus)
827 208 888 288 jam
899 204 1038 283 repulsam
1050 204 1123 284 tulit}
1144 154 1161 295 i

194 293 428 367 2811psaeuutcm
445 302 478 345 ur
495 288 723 365 quinquennium,
741 290 855 363 inquit,
875 284 1014 341 obtineam.
1041 288 1069 334 ³⁸
1080 284 1118 343 m
1151 304 1154 309 ·

80 406 100 443 Ξ
116 388 211 454 mm.
243 367 312 424 istud
331 378 407 423 vetar
431 364 477 437 les
503 364 617 422 Caes'aris
636 364 667 421 &
686 378 743 424 tua.
762 364 791 422 δι
811 374 842 421 tu
863 360 926 419 acta
945 359 1119 435 Caesttirde·¹

83 469 128 505 rem
138 465 190 500 non
201 447 233 495 est
241 441 353 501 fendis?

81 516 208 566 ramulus
283 520 318 577 X.
337 519 428 575 Huc
451 535 498 576 ru
517 515 664 585 mandatu,
684 516 722 576 L.
731 513 809 585 Piso,
828 514 859 573 δι
871 524 918 581 tu,
939 513 977 571 L.
989 508 1122 589 Phdippc,

82 584 153 633 MSS.
246 596 382 673 principes
395 594 529 662 ciuitatis,
549 604 578 645 ³⁷
593 610 653 651 non
668 592 733 651 dico
746 592 844 649 animo
857 591 945 659 serre,
964 588 1065 649 verbm
1075 606 1121 675 uu·

248 674 320 731 ribus
332 672 457 746 accipere
470 668 688 746 potuistiercd,
702 681 734 726 ut
746 669 881 743 suspicor,
891 679 982 725 terror
996 676 1121 741 eratqu-

250 749 331 807 dam:
352 764 405 804 nec
419 763 469 805 vos
482 757 513 804 ut
523 746 605 821 legati
617 746 691 819 apud
703 744 782 801 illum
796 744 895 813 fuistis,
912 759 968 801 nec
982 754 1016 801 ut
1026 740 1121 801 consu·
1161 793 1162 796 ,

142 864 160 909 9
180 864 198 907 B
247 824 329 882 lares:
350 840 403 880 nec
415 840 470 881 vos
482 821 615 889 vestram,
634 819 858 895 neereipublicae
869 818 1036 895 dignitatem
1046 830 1123 877 tene·

162 896 169 909 '
201 893 208 906 '
247 918 277 957 re
292 899 423 975 potuistis.
441 900 470 955 &
483 910 579 955 tamen
591 896 684 954 nescio
697 895 846 973 quopasio
855 937 864 964 ,
874 894 1122 981 ³⁸·sapientitqun·

159 1017 218 1069 Μ
249 976 332 1043 dum,
351 976 453 1043 credo,
473 973 551 1049 quod
567 990 622 1049 ego
636 990 695 1030 nnn
707 988 723 1030 r
734 969 929 1047 possum‚non
944 986 956 1017 ²
969 970 1053 1029 nimis
1062 969 1123 1029 uati

90 1036 158 1135 {2¹3⁰
247 1049 405 1109 revestistis:
427 1052 532 1108 avonis
544 1050 589 1109 M.
600 1048 740 1107 Antonius
760 1047 828 1105 nihil
846 1048 959 1116 tribuit,
979 1046 1123 1105 clarissimis

88 1166 106 1198 2
122 1122 238 1202 miserati,
247 1128 327 1196 viris,
347 1126 442 1202 legatis
454 1127 552 1204 populi
563 1126 696 1187 Romani.
721 1123 800 1194 Nos,
819 1124 888 1202 quid
900 1142 962 1183 non
973 1123 1124 1259 legatoAbss

84 1223 186 1263 Ieveliti

85 1276 144 1323 estis
156 1276 213 1323 MS.

87 1337 292 1452 :dogffebus
302 1378 428 1445 designare
437 1376 547 1427 consules
558 1378 666 1436 videtur,
684 1392 741 1427 cum
749 1382 850 1427 Brutum
868 1378 894 1426 δι
912 1374 1026 1425 Cassium
1041 1374 1122 1425 consu·

247 1446 285 1493 lcs
297 1442 471 1491 nominaverit.
493 1444 552 1499 Eius
563 1444 597 1490 eii
607 1445 675 1490 enim
686 1457 778 1493 annusr
793 1444 829 1498 is,
846 1455 897 1507 quo
913 1442 1026 1505 primum
1041 1435 1123 1487 consr-

245 1507 309 1556 lnrin
319 1505 424 1553 comitia
434 1504 599 1553 habebamus:
617 1506 701 1553 haberi
713 1519 796 1554 autem
807 1504 855 1551 hoc
868 1519 936 1552 anno
949 1519 1003 1552 non
1014 1502 1122 1569 possiam,

247 1568 381 1633 designatis
392 1569 444 1627 jam
454 1582 469 1614 a
480 1571 574 1617 Caesnre
586 1567 724 1617 consulibus
735 1567 1124 1631 inannumsequentem,D.Bru·

244 1644 288 1687 to,
306 1636 334 1680 L.
347 1632 451 1681 Plancos
468 1630 619 1683 habebuntur
628 1633 703 1697 igitur
713 1634 767 1699 post
778 1646 870 1679 annum
881 1630 1041 1696 sequentem,
1057 1628 1123 1679 idest

245 1700 322 1744 Bruto
340 1698 366 1744 δι
385 1695 475 1743 Planco
493 1695 560 1744 Cois.
580 1710 636 1744 cunt
653 1696 716 1744 nulii
731 1694 785 1761 post
801 1709 845 1742 eos
855 1693 978 1759 designati
988 1692 1123 1743 consulent

245 1756 340 1808 Caesarc
351 1756 407 1807 sint.
425 1761 479 1818 Jam
489 1760 596 1821 repulsam
606 1764 675 1806 ruiis:
693 1772 750 1806 ante
761 1760 837 1822 quim
855 1757 992 1807 habeantur
1009 1757 1123 1815 comitia,

243 1818 367 1886 repulsam
377 1822 435 1869 tulit
445 1820 536 1885 judicio
549 1824 574 1870 δι
587 1820 688 1885 auguris
700 1820 887 1879 murcinctus,
903 1826 1008 1870 Brutum
1021 1824 1048 1871 dr
1066 1818 1123 1872 cus·

244 1883 308 1933 fium
318 1884 430 1933 consules
443 1885 602 1949 appellantis:
621 1884 693 1950 quisi
705 1884 875 1951 designantur,
894 1888 924 1935 C.
939 1886 1067 1935 Antonius
1082 1898 1122 1933 en·

241 1948 357 1997 cluditur.
374 1955 401 1997 P.
414 1952 503 1997 Manus.

278 2029 316 2068 35.
335 2020 357 2060 C.
363 2013 437 2071 frater
448 2010 504 2075 (eius
513 2012 542 2071 est
552 2014 666 2073 enimjum
677 2012 758 2074 annus)
764 2015 815 2072 jum
826 2014 932 2074 repulsum
942 2014 1025 2069 ruiis]
1043 2018 1083 2063 An
1091 2008 1122 2061 fit

245 2073 278 2123 de
287 2074 404 2123 industria
414 2073 518 2123 ediderit
531 2079 647 2123 Gruterus
660 2078 684 2124 δι
698 2076 727 2123 ab
737 2076 807 2124 libris
818 2076 927 2139 antiquis
938 2074 1069 2135 indutius,
1084 2076 1123 2124 rix

244 2138 358 2189 dixerim.
376 2138 499 2202 Equidem
509 2138 536 2186 in
543 2139 692 2187 Visiorianis
703 2139 744 2186 edi
755 2138 842 2194 video,
851 2146 873 2188 c.
882 2140 959 2199 frater
968 2140 999 2201 est
1008 2142 1123 2197 enimjm

243 2218 313 2248 annus
324 2216 349 2248 us
359 2204 465 2264 repuifiim
475 2204 538 2250 iulis.
560 2207 589 2250 ln
602 2202 689 2266 quibus
699 2201 774 2251 semel
786 2200 893 2266 positum
904 2200 1020 2266 agnoscis
1032 2202 1122 2264 etjm.

244 2264 343 2313 Abhinc
359 2264 494 2329 progressus
510 2263 646 2312 Lambinus
661 2266 687 2312 in
705 2263 869 2321 editionibus,
886 2280 938 2313 non
952 2266 1033 2315 etium
1045 2266 1122 2319 notit.

242 2329 380 2391 geminavit
392 2328 461 2375 nulla
471 2329 568 2375 ratione
578 2327 658 2383 edita,
675 2340 702 2375 ut
713 2331 739 2377 bc
752 2326 889 2393 sequentes.
906 2327 952 2377 Sed
963 2329 1073 2378 omnino
1101 2342 1125 2377 a·

242 2402 280 2437 tet
291 2405 322 2438 ex
334 2393 444 2439 Ferrario
456 2406 508 2439 non
520 2388 566 2439 esse
578 2393 720 2455 genuinum.
738 2394 834 2465 Qsippe
845 2405 921 2455 quum
933 2390 1031 2441 citaffet
1042 2344 1125 2441 Vign-

243 2453 327 2509 rinna,
345 2452 445 2501 testatur
455 2455 587 2518 plerosque
597 2454 674 2502 libros
686 2467 826 2511 veteres,1n
840 2456 910 2519 queis
920 2458 1008 2519 brug.
1021 2454 1123 2513 habere,

196 2568 198 2575 Ι
243 2518 308 2577 hujus
320 2522 419 2564 commis
433 2524 454 2564 C.
465 2518 602 2577 fratruum
611 2520 640 2575 est
651 2521 708 2563 enim
719 2535 801 2573 annus,
812 2523 863 2577 jam
874 2518 979 2581 repulsam
990 2520 1056 2568 tusr't.
1072 2522 1125 2569 Nee

244 2592 276 2626 ex
287 2580 339 2626 ullo
351 2578 465 2642 deinceps
478 2579 539 2627 illud
550 2580 615 2645 prius
626 2585 677 2637 jam
688 2580 782 2630 firmari
799 2580 918 2639 ostendit,
936 2594 963 2630 ut
980 2596 1030 2645 pro
1045 2582 1124 2647 spurio

242 2638 328 2691 baberi
338 2655 459 2706 oporteat.
477 2646 546 2692 Gron.

278 2715 317 2761 3⁶·
336 2718 374 2753 ,Ar
389 2707 446 2765 istum
461 2720 521 2752 verat
536 2710 571 2755 len
588 2709 675 2766 casaris
686 2708 712 2757 sn*
723 2713 787 2765 tun]
803 2706 938 2756 Mendosus
949 2707 991 2755 hic
1001 2708 1090 2766 locus,
1100 2710 1124 2759 dl

246 2769 369 2825 eiusmodi
381 2768 411 2816 ab
423 2768 537 2817 omnibus
547 2767 641 2834 semper
657 2771 822 2827 existimatus,
840 2772 934 2819 auxilio
953 2772 1052 2836 antiqui
1070 2772 1124 2822 libri

243 2832 281 2880 ita
292 2832 430 2881 restituitur,
447 2846 472 2879 ut
484 2834 536 2896 post
549 2834 649 2882 cuiatis
658 2833 830 2898 distinguatur,
839 2836 864 2883 dc
876 2834 927 2881 hnc
937 2834 1013 2883 verba
1023 2833 1126 2885 subdan-

246 2904 301 2942 turr
318 2898 344 2946 ὰ
355 2912 380 2942 tn
391 2900 439 2943 aisa
451 2900 535 2955 c'aejiris
546 2898 650 2956 defendis.
667 2898 783 2944 Fa'e'rnus.
816 2903 882 2944 Etru
893 2901 943 2945 asia
955 2901 1043 2958 Castris
1052 2900 1126 2961 defin·

231 2960 301 3016 -dinJ
317 2963 374 3006 Huc
386 2959 471 3005 omnia
483 2955 615 3006 omiserant
627 2959 683 3006 alii:
701 2958 890 3024 scripseruntque
910 2973 1024 3018 tuntum,
1040 2964 1068 3015 dn
1079 2976 1125 3015 rua.

245 3022 367 3071 Ferrarius
380 3034 463 3068 tamen
476 3020 620 3069 mendosum
631 3020 677 3069 csi'e
688 3024 773 3071 locum
784 3024 886 3072 viderat.
904 3028 1016 3075 Muretus.

279 3102 316 3141 37.
335 3093 382 3131 Non
392 3088 438 3131 dico
450 3089 523 3132 ‹cnimo
531 3086 617 3145 serra]
635 3090 681 3132 Pro
696 3091 770 3134 animo
787 3086 943 3143 emendavit,
955 3090 984 3136 ad
995 3104 1048 3147 nor,
1066 3094 1125 3141 Ant.

243 3148 399 3214 Augustinus.
415 3150 490 3209 vrfin.
1061 3160 1066 3169 ·

280 3223 318 3266 38.
336 3215 449 3275 Sapientia
460 3213 656 3270 urendam,crrdu.]
670 3213 760 3261 Itonia.
773 3214 848 3261 aliam
860 3214 927 3261 enim
939 3212 1047 3265 (arissam
1054 3216 1128 3283 figni-

155 3292 159 3299 ·
248 3274 325 3331 sicat,
343 3287 369 3321 ut
386 3274 489 3322 studium
507 3278 533 3322 in
550 3275 689 3322 Antonium
706 3277 731 3324 &
749 3274 843 3325 sensum
859 3278 885 3324 iu
903 3278 997 3326 tuenda
1012 3280 1127 3331 libertate

247 3354 302 3386 non
313 3339 444 3401 optimum.
461 3338 583 3402 subjungit
595 3352 693 3394 sutem,
704 3352 731 3385 ut
743 3339 766 3386 sc
778 3339 921 3388 didimilem
932 3342 1037 3393 illorum
1048 3346 1130 3393 oiien·

246 3401 304 3457 dat,
320 3404 377 3465 quod
386 3419 419 3463 ego
432 3421 471 3449 non
480 3404 564 3465 pnffem.
582 3402 644 3457 Isti,
661 3401 954 3468 iuquit‚sapientid,quae
966 3420 1014 3455 vos
1024 3408 1129 3459 nimium

248 3464 318 3523 irasci
328 3478 382 3514 uon
391 3466 498 3530 patitur,
515 3478 595 3517 carere
607 3480 649 3518 me
658 3464 789 3532 confiteor,
807 3472 836 3533 P,
847 3471 938 3523 Mnus.

994 3548 1036 3606 δ’,
1051 3537 1127 3589 Essem
