2324 3930
207 118 247 201 Iar
265 116 308 187 C.
326 113 557 199 Saraucarum
577 113 787 196 Responsio.
846 132 931 206 '33²3

91 219 158 307 dign
169 221 272 297 fugax,
290 219 384 357 Crispf
397 214 523 296 Sallusti?
538 219 628 298 furori
637 219 741 306 tribuni
750 217 848 305 ‘plebis
860 221 932 283 celii.
944 234 982 292 ιο,

57 296 150 376 utilius
163 296 247 368 duxi,
278 311 364 359 uamv
375 315 388 356 a
399 299 543 357 fortunam
556 314 628 357 unua
641 312 759 372 expertri
769 293 855 375 quim
870 299 934 358 uni·

58 373 138 450 verso
150 391 189 452 po
209 373 255 457 ulo
295 391 403 434 omano
416 372 505 452 civilis
518 370 575 457 ell'e'
592 371 760 447 diffenfionis
780 373 867 432 causa.
885 376 935 452 qui

57 449 171 531 postcaq
208 450 303 513 mille
322 452 402 511 suum
424 466 529 521 annum
542 452 573 511 in
585 451 726 527 republica
737 450 936 526 perbacchatus

55 524 113 596 est,
132 528 302 606 omniaque,
321 545 387 606 quae
405 538 620 597 commoverat,
638 545 707 605 pace
726 527 758 585 δι
777 529 840 596 otio
863 526 935 586 rese-

58 601 172 665 dcnmtr
191 604 249 671 hoc
263 603 362 674 ordine
369 617 540 675 ¹revocante,
559 616 644 682 atque
654 605 709 684 ipsa
722 621 751 662 rc
771 603 861 681 qblica
876 619 937 662 ma·

57 695 98 739 nu
109 678 269 741 retrahente
281 699 345 752 me,
362 681 472 759 reuerti.
489 680 550 758 Qui
563 682 634 742 mihi
647 680 719 765 dier,
739 621 841 738 tfcum
853 680 936 745 omni

57 754 164 835 reliqua
184 753 242 817 rita
256 761 421 832 conferatur
434 800 444 830 ,
456 761 565 829 ,animo
584 757 699 836 quidem
721 773 788 816 meo
809 754 933 831 superet:

54 831 126 901 ,ίὺῐῐὶ
140 832 260 899 univerfi
277 853 330 897 ros
342 834 516 914 populusque
529 838 676 897 Romanus
688 837 819 912 frequens
831 833 937 892 adven.-

28 958 30 962 .
56 915 92 965 tu
105 924 175 969 meo
187 910 335 986 gratulatus
347 912 393 972 cll.
409 915 480 973 tanti
496 913 544 994 me
561 914 709 1001 fugacem,
728 911 936 992 mercenarium

56 995 225 1073 patronum,
244 987 274 1047 hi
287 989 497 1057 aestimaverunt.
597 1001 600 1005 ’
840 998 843 1004 ’

61 1080 63 1084 ”
99 1052 152 1123 IV.
170 1064 302 1150 linqua
324 1066 462 1144 thercule
475 1066 578 1147 mirum
592 1067 646 1139 est,
665 1065 753 1148 flego
764 1063 873 1152 semper
887 1062 978 1144 jura
1076 1086 1079 1095 ·

54 1133 111 1223 llas
123 1155 252 1219 omnium
266 1142 400 1203 amicitias
412 1146 427 1206 b
441 1143 602 1205 existimavi.
620 1143 691 1202 Non
702 1141 958 1220 enimunrpriva-a
973 1144 1085 1211 herculea

57 1222 113 1301 tun
131 1216 272 1304 ancillatur
289 1222 374 1291 sum,
392 1235 486 1297 neque
505 1237 553 1283 me
572 1219 688 1281 addixi:
706 1217 775 1286 sed,
794 1231 930 1294 quantum
941 1215 1018 1284 mn..
1081 1271 1088 1283 ‚

56 1304 176 1370 qusque
187 1294 345 1378 reipublicae
352 1295 474 1368 studuit,
484 1297 566 1357 mihi
577 1308 687 1357 tantum
700 1294 754 1352 fuit
765 1306 812 1352 aut
824 1298 930 1353 amicus
938 1272 1089 1385 2²st¹mav¹

58 1377 133 1431 autc
145 1369 283 1452 inimicus.
301 1373 364 1450 Ego
378 1373 445 1451 nilril
456 1373 517 1450 plus
530 1372 707 1433 uoluivalere
720 1368 806 1446 quam
821 1386 929 1444 pacem.
941 1416 954 1449 c
971 1374 1083 1449 adversa·

56 1440 145 1530 Multi
155 1448 328 1529 privatorum
341 1449 469 1530 audacias
479 1452 496 1497 d
508 1461 746 1524 metueruntaego
759 1446 828 1505 nihil
840 1446 933 1515 timui,
943 1466 993 1513 nus
1004 1454 1068 1512 mul

58 1519 112 1595 nili
129 1520 212 1600 leges.
249 1525 335 1586 Multi
343 1540 420 1587 arma
433 1527 480 1587 sua
491 1528 585 1589 timeri
597 1527 762 1594 voluerunt:
783 1540 838 1598 ego
851 1526 962 1582 num-d
978 1527 1073 1603 nutrie-

58 1612 146 1684 φηςι]
166 1599 245 1671 volui
264 1602 415 1692 quidquam
435 1601 528 1680 poffe,
547 1604 598 1662 nili
610 1621 662 1679 pro
675 1600 764 1660 vobis.
800 1600 886 1659 Multi
900 1589 1093 1659 ex1¹¹¹¹12111⁶⁷

57 1672 140 1734 roba
152 1679 276 1752 potentii
288 1681 351 1739 freti
363 1681 393 1739 in
405 1698 458 1745 uos
469 1679 521 1740 suis
534 1679 636 1739 viribus
647 1677 723 1752 'abufi
735 1676 805 1735 sunt.
836 1677 935 1754 ltaque
945 1661 999 1711 Mt.

56 1764 119 1836 non
135 1752 177 1812 est
195 1755 317 1832 mium,
336 1755 357 1815 fi
376 1756 476 1833 nullius
495 1753 618 1818 amicitii
636 1753 697 1821 usus
714 1751 793 1822 sum,
812 1754 861 1830 qui
872 1770 933 1812 non

57 1829 195 1915 perpetuo
207 1833 365 1908 reipublicae
377 1834 484 1903 amicus
495 1833 558 1893 fuit.
610 1828 614 1844 '

99 1905 203 1992 Neque
224 1909 299 1967 enim
321 1925 369 1966 me
386 1911 520 1985 poenitet,
539 1909 559 1974 fi
572 1920 620 1969 aut
632 1907 739 1984 petenti
751 1904 869 1964 Vatinio
882 1921 932 1987 reo
944 1922 977 1964 12

57 1983 246 2059 patrocinium
306 1983 405 2045 llicitus
424 1985 501 2056 sum,
520 1997 568 2046 aut
589 1984 675 2044 Sextii
693 1982 868 2051 insolentiam
890 2000 934 2040 re-

63 2055 142 2117 'reili
167 2058 261 2128 autB'
281 2058 320 2120 uli
349 2061 631 2138 atientiamculpari,
651 2058 854 2140 autnirtutibus
868 2057 933 2116 Cae-
1005 2109 1011 2119 ,

86 2134 122 2194 ria
139 2098 206 2220 iuri
231 2136 277 2197 hae
299 2152 315 2185 a
329 2078 424 2211 faudes
439 2141 551 2215 egregii
580 2137 731 2223 ciritiof
749 2137 842 2195 unicae
861 2123 1089 2224 suntsaffigffm·

57 2212 135 2287 Quae
148 2210 169 2270 sr
180 2222 213 2271 tn
225 2215 313 2286 rnrhi,
330 2225 362 2272 ut
379 2215 464 2285 uitia,
484 2216 597 2350 obflficis,
614 2225 754 2274 temeritas
771 2224 819 2270 tua
838 2229 953 2288 repre-f
965 2236 1090 2286 „nicio-,4

55 2278 211 2366 hendetur,
228 2308 288 2351 non
309 2307 374 2367 mea
392 2291 461 2357 vitiu
480 2309 515 2351 cu
525 2293 670 2369 pabuntur.
686 2289 766 2348 Plura
788 2288 965 2360 dicerem,n.
978 2314 1092 2359 carana.

54 2363 82 2426 ti
100 2365 173 2441 apud
192 2367 261 2428 alios
280 2367 350 2427 mihi
367 2365 437 2427 effet
450 2366 625 2437 dicendum,
657 2379 746 2444 patres
767 2365 930 2440 conscripti,
1012 2429 1021 2445 Γ
1087 2368 1090 2375 ’

56 2456 119 2513 non
133 2444 207 2518 apud
218 2461 288 2514 vos,
307 2459 378 2522 quos
390 2461 444 2521 ego
457 2444 541 2505 habui
554 2446 683 2505 omnium
697 2461 824 2503 mearum
846 2441 934 2502 aclio-

55 2534 129 2589 uum
142 2521 306 2669 renstonitqrieai
324 2520 544 2603 salutiferum
562 2521 720 2605 testimonia
737 2521 848 2591 adsunt,
867 2520 935 2596 quid

58 2611 81 2653 o
99 2611 133 2655 us
192 2614 242 2657 ver
271 2614 283 2656 a

81 2611 137 2731 pv.
153 2666 184 2731 N
190 2668 282 2746 lirae,
293 2662 335 2741 ‘ut
350 2673 387 2734 ad
406 2685 434 2734 te
453 2688 595 2746 revertar,
621 2673 745 2742 Sallusti;
771 2684 934 2748 patremque
947 2694 979 2755 η
1023 2676 1025 2680 ’

58 2756 146 2807 tuum
154 2754 333 2826 praetercamr
353 2752 402 2829 qui
412 2751 433 2811 li
445 2769 602 2830 numquam
614 2752 644 2811 in
657 2751 715 2810 vita
732 2750 778 2812 sua
790 2751 935 2826 peccavit,

59 2833 161 2904 tamen
172 2828 311 2903 majorem
324 2829 454 2904 injuriam
475 2828 632 2907 reipublicae
650 2827 743 2886 facere
763 2844 823 2885 non
843 2828 934 2902 potuit

57 2899 148 2983 quim
165 2903 252 2981 quud·
264 2916 294 2964 te
314 2905 400 2972 talem
419 2904 507 2964 filiurn
526 2905 637 2982 genuitr
656 2921 748 2982 neque
760 2901 823 2967 tufi
837 2920 890 2978 qua
904 2904 934 2962 in

57 2978 176 3056 pueritia
188 2980 321 3055 peccasti,
340 2979 486 3060 exsequar,
506 2999 543 3042 ne
555 2994 701 3058 parentem
713 2992 795 3039 tuum
808 2979 935 3037 accusare

33 3102 36 3107 ⁴
54 3055 174 3127 -uidear,
192 3058 270 3134 aqui
282 3073 326 3117 ¹en
346 3069 476 3192 ternpore
494 3059 634 3119 summam
655 3059 696 3117 tui
707 3056 870 3133 potestatem
884 3056 934 3115 ha·
942 3092 959 3143 g
974 3073 1065 3139 app,-

57 3131 186 3192 buittsed
197 3134 309 3211 qualem
323 3134 404 3193 adole
414 3136 534 3194 centiam
547 3137 642 3212 egeris.
658 3134 711 3192 hac
725 3135 801 3191 enim
816 3133 935 3191 demon·
976 3154 978 3158 ·

57 3209 155 3280 strata,
174 3207 256 3269 facile
268 3211 449 3287 intelligetur,
467 3211 555 3289 quim
575 3210 708 3287 petulanti
724 3210 858 3343 pueritie,
876 3221 934 3268 tam

58 3302 99 3343 rm
118 3286 217 3347 udicus
231 3287 266 3349 ’δι
285 3303 389 3364 procare
408 3287 570 3347 adoleveris.
589 3287 723 3363 Posteaqu

58 3303 132 3438 grace
150 3363 356 3440 impudicillimi
375 3365 499 3507 corgoris
512 3366 527 3410 h
540 3364 656 3440 quaestus
675 3362 798 3422 sufficere
812 3380 871 3423 non
884 3366 961 3438 po-h
978 3367 1094 3432 <quaestus⁴

58 3437 131 3535 13³⁸!
149 3440 260 3527 &31²3
272 3440 390 3524 illlam
403 3458 438 3524 ³„
453 3458 485 3505 ⁹²
499 3440 647 3527 patienda,
665 3456 731 3521 quae
748 3439 825 3503 alteri
843 3429 1096 3576 faccegffiqnustlffi

743 3303 771 3344 m
793 3287 935 3345 immensae
1038 3304 1040 3309 ·
