2324 3930
1144 40 1153 69 i

222 162 302 227 gron
535 132 786 200 Ottnrto

104 282 108 309 ,
218 242 280 302 bilis
293 239 436 311 videatur,
449 234 676 300 cirmtueodem
691 250 821 314 materno
833 240 1038 378 fienetel'oleas
1076 254 1112 303 o··
1140 278 1144 297 1

61 326 200 382 samarie
218 318 302 379 riati?
320 336 385 398 quae
405 316 491 395 porro
503 318 517 364 s
524 317 647 376 amentia
669 315 730 387 est,
749 334 815 377 eum
855 321 982 391 icere-ali
1003 323 1033 381 ui
1072 319 1128 381 de·
1141 318 1155 363 ·''·

62 391 199 445 ΜΝ·
220 414 342 459 urorum
356 395 545 473 ignobilitate,
565 393 643 470 cujus
662 403 741 469 patet
758 395 952 457 Numitoriam
993 417 1007 461 r
1043 397 1111 457 ella·
1153 384 1158 449 ἶ

61 458 304 544 mammam,
324 472 474 550 proditoris
483 470 585 542 filiam,
604 471 732 532 habuerit
749 489 883 533 uxorem:
904 473 959 550 ipse
980 493 1014 534 ex
1039 474 1113 540 'ber-,-
1154 454 1158 485 ¹

220 552 272 609 tini
285 550 341 609 filia
354 551 499 627 susceperit
512 547 636 607 liberos?
656 548 710 607 Sed
729 549 787 609 hoc
804 547 942 610 clarissimi
962 551 1014 611 viri
1032 550 1113 612 uide·

221 629 293 697 rint,
313 630 348 686 L.
362 628 500 705 Philippus
508 666 517 696 ,
525 625 669 702 qui-habet
682 625 828 686 Aricinam
841 645 975 698 uxorem,
985 629 1020 689 C.
1032 628 1114 689 Mar·
1156 636 1158 643 '

62 709 168 751 tcetw·
224 705 332 781 celsus,
351 709 400 782 qui
419 705 542 764 Aricinae
562 701 671 762 sillam:
692 702 876 781 quostcerte
894 705 950 764 scio
970 704 1117 783 dignitatis
1155 714 1158 747 ¹

223 784 394 858 optimarum
408 783 588 842 foeminarum
597 788 662 838 'non
674 781 820 856 poenitere.
917 813 923 824 ·

263 859 329 916 Vll.
349 859 415 917 lnr
428 878 449 916 u
470 860 553 917 etiam
573 859 613 932 Q.
626 855 813 930 Ciceronem,
833 859 922 919 fratris
935 858 1115 932 meifiliutn,

65 965 83 1002 v
100 957 211 997 commu·
224 933 374 1010 compellat
387 935 493 995 editio:
507 952 561 994 nec
573 935 654 992 sentit
666 952 777 1005 amens,
798 951 813 982 v
827 937 1113 1015 commendationem

67 1027 128 1064 nem
144 1007 215 1058 MSS·
225 1009 277 1075 effe
291 1013 539 1088 compellationem
553 1010 638 1072 suam.
657 1012 736 1088 Quid
750 1012 1113 1074 enimacciderehuicado·
1149 1076 1154 1091 Ι,

152 1148 155 1153 ,
224 1087 336 1148 sescenti
349 1092 440 1166 potuit
455 1090 574 1166 optatius
595 1092 623 1128 ²⁶
635 1090 722 1166 quim
737 1088 869 1166 cognosci
883 1091 917 1149 ab
930 1090 1114 1163 hominibus,
1154 1158 1157 1169 Ι

49 1165 345 1244 ·n.ccxxxvn.Caesarir
358 1166 538 1227 consiliorum
552 1164 607 1226 esse
617 1164 741 1236 socium,
761 1167 881 1225 Antonii
891 1168 1001 1227 'furoris
1018 1167 1115 1236 inimi·
1155 1184 1158 1205 ²

186 1238 317 1303 ibrum?
336 1245 377 1304 At
390 1248 476 1305 etiam
488 1243 623 1321 gladiator
636 1242 712 1303 ausus
725 1243 762 1302 est
773 1242 906 1314 scribere,
922 1244 999 1303 hunc
1013 1244 1049 1304 de
1062 1260 1114 1321 pa·

69 1336 86 1371 ¹
107 1316 220 1384 patricie.
227 1322 274 1380 tris
293 1323 323 1380 &
343 1323 432 1398 patrui
447 1338 464 1369 ¹
477 1320 622 1398 parricidio
636 1318 776 1396 cogitasse.
806 1319 840 1406 O·
848 1319 1041 1379 admirabilem
1055 1320 1114 1380 int·

69 1387 125 1435 MS.
215 1398 406 1476 pudendam,
426 1397 587 1466 audaciam,
607 1398 812 1457 temeritatem!
832 1413 862 1453 in
874 1413 940 1456 eum
952 1395 1118 1457 adolescen-

228 1487 287 1534 tem
305 1476 368 1534 haec
386 1474 501 1534 scribere
527 1474 650 1544 audere,
680 1491 766 1552 quem.
786 1489 841 1548 ego
862 1473 892 1531 &
912 1474 995 1533 frater
1016 1490 1114 1548 meus,
1155 1480 1158 1485 '

230 1564 343 1628 propter
357 1552 415 1627 ejus
432 1551 602 1610 suavissimos
621 1564 705 1628 atque
726 1550 852 1626 optimos
871 1565 965 1608 mores
984 1550 1117 1627 praeslarp·

72 1653 89 1703 y
105 1629 419 1706 omnibustillimumque
434 1628 578 1704 ingenium
592 1632 719 1685 certatim
733 1634 877 1696 amamus,
898 1643 913 1686 r
926 1624 1116 1705 omnibusque

72 1702 123 1750 ‘²³¹‘-
229 1705 320 1776 horis,
340 1705 443 1772 oculis,
464 1701 748 1781 auribus,complexu
761 1700 909 1761 tenemus?
931 1715 959 1752 ²⁷
975 1703 1052 1763 Nam
1067 1721 1117 1764 me

230 1783 335 1842 eisdem
349 1781 445 1841 edictis
457 1781 556 1848 nescit,
575 1779 717 1847 laedat‚an
727 1777 829 1836 laudet.
848 1778 1003 1839 cumidem
1017 1779 1118 1856 suppli·

231 1859 307 1918 cium
322 1861 442 1917 minatur
455 1857 568 1935 optimis
586 1856 705 1926 civibus,
725 1855 804 1933 quod
824 1872 878 1930 ego
898 1856 933 1915 de
950 1856 1119 1917 sceleratiffi·

73 1980 90 2015 ι
105 1963 139 2011 ,·„
150 1958 221 2007 uss,
234 1937 287 1995 mis
301 1951 313 1982 ²
326 1936 356 1994 &
374 1934 494 2011 pessimis
511 1933 671 2010 sumpserim
689 1974 698 2002 ,
721 1931 832 1991 laudare
851 1931 977 2002 videtur,
998 1935 1027 1974 ¹⁸
1041 1931 1120 2011 quafi

75 2028 121 2074 altr
131 2041 173 2072 non
182 2012 334 2071 iac-imitati
348 2013 423 2071 velit
442 2012 508 2070 cim
522 2021 616 2069 autem
630 2008 705 2068 illam
720 2009 898 2086 pulc'hetrimi
918 2009 984 2067 sadis
1005 2027 1121 2071 memo-

74 2092 123 2137 Μ’
132 2081 223 2161 &leff-
233 2091 303 2149 tiam
318 2089 441 2148 refricat:
461 2102 523 2146 tum
538 2086 554 2146 ‘a
570 2085 633 2146 asui
645 2085 777 2146 similibus
794 2083 931 2145 invidiam
950 2085 1075 2163 aliquam
1088 2088 1121 2147 in

75 2149 153 2262 “3³¹⁵
235 2182 283 2225 me
297 2168 476 2225 commoveri
488 2174 574 2240 putat.

76 2218 108 2265 cc
127 2216 153 2266 ⁸·
709 2306 714 2326 Ι
944 2238 1028 2299 vui.
1047 2239 1120 2299 sin

233 2412 271 2461 tia
282 2411 416 2460 leirionem
426 2409 503 2475 ipsam
514 2409 633 2459 asserunt:
651 2415 678 2458 L.
691 2412 817 2474 Philippus,
833 2411 945 2474 quilebet
954 2426 1044 2459 oaorem
1056 2413 1121 2459 ,Ari-

234 2479 322 2532 cinam,
339 2490 391 2539 qux
403 2475 436 2522 est
450 2487 527 2522 mater
541 2475 686 2531 Odiaviani,
703 2477 728 2527 dn
742 2481 764 2524 c.
776 2476 908 2530 Marcellus,
923 2478 964 2538 qui
976 2477 1079 2523 ,Ariciae
1086 2473 1123 2536 fi·

236 2542 306 2595 liam,
323 2553 376 2602 qua
387 2537 421 2586 esi
433 2538 564 2586 ottaviaui
576 2539 651 2588 soror.
669 2549 695 2586 ut
706 2551 759 2586 non
769 2536 881 2594 videam,
898 2551 939 2586 cur
950 2537 986 2585 ira
997 2535 1041 2586 liic
1052 2535 1122 2587 lraesi·

237 2602 314 2652 tssint
324 2602 370 2650 viti
382 2601 457 2651 doffi.
474 2606 548 2651 (ἶνιν.
1085 2656 1092 2665 s
1109 2612 1112 2618 “

271 2674 310 2716 26.
327 2667 382 2730 Qu
397 2669 488 2728 cognosci
503 2667 529 2713 ab
545 2667 692 2724 hominium]
714 2662 861 2720 Lambinus,
878 2665 984 2714 omnibus.
1000 2677 1055 2712 non
1065 2678 1125 2730 pto·

238 2728 304 2781 bem.
322 2743 402 2794 neque
412 2729 502 2793 patitur
513 2728 632 2777 sententia
643 2741 684 2776 aur
697 2742 754 2776 aetas
771 2725 940 2776 adolescentie.
957 2730 1049 2778 Gruter.
1083 2727 1124 2778 Est

150 2806 153 2818 '
238 2793 288 2842 boc
298 2794 389 2843 tricati.
406 2793 484 2842 Reste
499 2793 621 2849 Fa'e'rnus,
637 2795 763 2846 Muretus,
781 2790 921 2847 Manutius,
938 2788 1075 2849 Lambinus
1093 2805 1125 2843 ex

238 2858 361 2907 vaticano
371 2855 499 2906 ediderunt
510 2857 614 2905 omnihus.
631 2854 698 2916 Qrid
709 2855 776 2903 enim
788 2853 854 2902 aliud
864 2851 897 2901 est
904 2855 1010 2916 ,cognosci
1019 2857 1045 2901 ab
1056 2859 1129 2903 omni·

240 2923 292 2977 las,
309 2921 385 2986 quim
395 2920 510 2970 testarum
520 2919 546 2968 id
556 2917 603 2966 esse
614 2919 725 2982 publice,
741 2917 806 2966 unde
817 2931 906 2965 omnes
916 2915 1008 2980 possint
1020 2916 1129 2983 cognos-

168 3023 177 3035 ι
239 2998 301 3035 cete·
318 2988 397 3035 Gi'ssl·

275 3064 315 3104 27.
332 3055 391 3161 ligem
401 3065 435 3097 me
446 3049 523 3097 iisdem
533 3048 629 3105 catule]
645 3049 721 3096 Vetus
730 3044 807 3103 libet,
812 3048 863 3107 jon
874 3061 908 3093 mc
917 3046 942 3094 in
952 3046 1032 3094 eisdem
1042 3047 1131 3097 edidis.

244 3114 292 3168 ἀι.
309 3116 344 3161 Ur
365 3127 389 3163 n.

277 3186 315 3227 aa.
333 3176 406 3236 ‚M
420 3176 509 3223 imitari
524 3177 606 3232 celin]
632 3175 694 3230 Me,
715 3172 743 3221 in
758 3172 901 3222 bominibus
916 3171 1037 3237 improbis
1051 3169 1130 3237 poeni

245 3237 397 3298 efficiendis,
413 3254 466 3287 non
476 3238 543 3286 enim
552 3238 598 3287 illa
610 3236 698 3293 verba,
714 3241 809 3300 optimis
818 3239 919 3293 civibus,
927 3249 997 3285 eraut
1008 3235 1036 3285 in
1046 3235 1132 3286 coiere

246 3305 367 3362 Antonii,
384 3301 424 3352 sed
435 3301 518 3350 addita
530 3299 582 3352 suut
594 3315 608 3349 a
621 3301 758 3356 Cicerone,
768 3313 898 3365 tamquam
915 3300 1049 3364 interprete
1060 3314 1134 3349 men·

241 3367 276 3416 tia
292 3381 320 3415 ac
331 3367 467 3415 voluntatis
477 3368 542 3423 ejus:
559 3365 647 3413 cumis
660 3365 826 3412 communiter
836 3363 930 3413 civibus
940 3364 1012 3421 illie,
1028 3364 1071 3429 qui
1085 3362 1131 3415 sibi

246 3443 300 3479 non
333 3428 465 3487 aruissent,
487 3430 595 3478 minatur
613 3422 672 3474 esser
688 3425 756 3476 idem
772 3426 935 3492 supplicium,
958 3425 1028 3496 quod
1043 3427 1135 3478 cicero

344 3489 584 3548 decarilinesociia
596 3487 740 3562 sumpseram
755 3496 783 3564 ζ’.
795 3495 886 3548 mat·
957 3530 960 3537 1
1068 3540 1101 3606 ,c
1123 3526 1127 3535 -

1025 3567 1063 3615 ἲ),
1097 3567 1137 3607 m
