2324 3930
10 39 22 185 i
248 121 502 197 Pmmrrrca
523 118 721 193 Ocrnvrn
856 148 937 217 3193

85 230 141 291 An
154 244 208 305 ego
222 225 304 285 abeo
318 219 448 308 mandata
460 222 632 299 acciperem,
641 228 689 304 qui
701 226 809 289 senatus
823 230 938 291 manda·
947 242 986 302 24

53 321 83 369 ta
97 300 308 367 contemneret?
326 310 374 358 aut
386 314 413 356 er
424 312 491 355 cum
504 297 598 362 senatu
611 302 764 380 quidquam
785 323 941 366 commune

52 385 228 521 ppidicarem
267 379 295 437 ui
308 377 507 451 imperatorem
520 379 616 454 populi
628 382 752 439 Romani
770 379 863 441 senatu
876 401 943 458 pro·

77 462 169 518 'bente
188 397 350 517 erigeret?
378 450 418 508 At
430 466 495 566 quae
515 455 668 515 mandata?
688 456 744 533 qui
766 457 941 534 arrogantii?

53 555 115 615 quo
130 530 257 610 stupore?
266 546 325 607 quo
335 527 444 602 spiritu.
458 527 516 615 Cur
527 532 621 591 autem
636 550 668 591 ea
679 532 774 609 legatis
785 536 880 593 nostris
894 535 944 592 da-

52 614 118 682 bat,
139 611 203 669 cum
217 608 254 667 ad
265 623 319 665 nos
332 604 464 690 Cotylam
479 619 615 676 mrtteret,
636 623 834 669 ornamentum
857 624 941 688 atque

55 700 85 739 ⁸⁷
101 704 196 746 arcem
214 686 372 743 amicorum
389 686 522 752 tuorum,
548 684 696 743 hominem
718 686 894 746 aedilicium?
919 687 941 746 ti

56 782 74 814 n
85 763 155 823 vero
168 776 231 822 tum
245 761 297 821 fuit
308 756 410 845 aediiis,
424 758 489 843 curn
503 777 569 819 eum
578 760 652 838 juffu
666 762 786 823 Antonii
798 766 828 833 in
840 765 938 824 convi-
947 799 964 834 n
980 797 1038 837 vege
1050 786 1098 840 «ω,

56 843 106 902 vio
117 841 189 900 servi
200 836 303 914 publici
314 835 380 893 lons
388 834 554 896 ceciderunt.
947 863 1003 901 verr.

97 919 126 957 ¹⁸
140 918 182 976 At
195 912 280 991 quam
289 910 983 994 modestamandata!ferreisumus,patrescon·25

16 1004 19 1009 '
55 994 161 1069 scripti,
171 993 219 1068 qui
232 988 384 1067 quidquam
397 987 463 1046 huic
475 1005 619 1065 negemus.
639 1004 666 1040 ²⁹
680 1003 823 1075 Utramque
829 998 940 1054 Provin-

58 1072 127 1129 ciam
144 1112 152 1136 ‚
171 1070 282 1144 inquit,
309 1067 435 1123 remitto:
456 1068 605 1150 Exercitum
618 1069 730 1146 depono:
754 1076 876 1147 privatus
898 1072 941 1150 effi

58 1167 110 1205 non
124 1148 215 1222 recuso.
251 1144 325 1202 Haec
344 1141 404 1202 sunt
425 1157 503 1200 enim
519 1143 612 1208 verba.
631 1147 721 1205 redire
735 1147 770 1206 ad
783 1149 810 1207 se
822 1150 941 1208 videtur.

856 1226 943 1284 omnia

53 1380 150 1445 pudiarr‘
160 1381 184 1440 se
199 1393 282 1439 totum,
298 1381 369 1444 magis
384 1379 453 1427 etiam
467 1392 513 1444 qiu
530 1381 584 1427 olim
601 1382 625 1427 r'n
643 1379 807 1441 vrgr'ntiviratu
820 1411 828 1436 ,
840 1382 939 1442 putabit.

59 1449 86 1494 Ρ.
99 1447 197 1492 Manut.

89 1522 129 1563 27.
148 1515 233 1555 Arcem
244 1512 384 1565 amicorum]
400 1511 459 1554 tArx
468 1511 601 1566 amicorum,
618 1519 645 1556 ut
656 1523 698 1556 arx
712 1506 893 1565 miserorum,est
906 1505 938 1554 ad

58 1584 135 1636 quem
152 1572 227 1619 amici
243 1570 324 1621 miseri
342 1569 503 1635 confugiunt,
520 1569 642 1637 refugium
653 1571 797 1619 amicorum.
821 1570 865 1618 Sed
878 1570 938 1634 quid

56 1631 100 1682 hic
112 1633 141 1682 fit
153 1653 195 1681 arx
206 1639 327 1683 amicorum
338 1634 496 1694 conjunitum
508 1649 564 1683 cum
576 1637 611 1699 τῷ
621 1650 769 1682 ornamentum
779 1648 831 1681 non
843 1636 939 1682 intelli-

58 1712 108 1762 go,
125 1696 171 1746 nifi
183 1699 244 1746 velis
254 1699 421 1762 interpretari,
438 1696 602 1747 firmiffimum
614 1697 719 1757 Antonii
731 1698 852 1753 amicum,
870 1699 938 1753 cuius

26 1784 29 1789 ¹
57 1754 165 1809 consilio
178 1763 203 1810 &
216 1761 326 1825 praesidio
337 1763 455 1826 praecipue
469 1762 568 1811 nitatur.
587 1760 626 1809 sed
643 1759 691 1808 hoc
702 1759 764 1807 mihi
776 1760 871 1808 videtur
881 1774 937 1824 per·

56 1840 134 1889 quam
152 1825 238 1874 dutum
255 1828 280 1875 δι
297 1840 311 1873 a
327 1825 456 1873 Ciceronis
468 1826 543 1897 genio
555 1825 674 1874 alienum.
692 1823 840 1873 Constanter
850 1836 938 1875 tamen

56 1903 146 1936 omnes
160 1893 227 1937 MSS.
239 1907 317 1937 arcem.
335 1887 379 1936 niti
393 1887 460 1952 quod
471 1903 498 1935 m
509 1903 566 1936 meo
578 1887 674 1943 srtarce,
682 1886 750 1949 quod
756 1885 884 1935 ferendum
891 1886 935 1943 est,

57 1951 139 2000 donec
151 1953 237 2000 mitius
249 1966 289 2000 aur
301 1953 439 1999 inveniatur
451 1951 476 1996 in
489 1952 575 1999 codice
591 1951 707 2005 meliore,
726 1964 766 1999 aut
784 1952 938 2017 excogitetut

56 2018 87 2064 ab
100 2015 243 2063 hominibus
253 2015 355 2080 ingenio
367 2017 393 2064 δι
404 2013 516 2063 (1οᾶιίηᾶ
527 2013 728 2079 pracellentibus.
746 2019 819 2062 Graev.

59 2122 62 2127 .
90 2089 129 2127 28.
149 2087 266 2143 Arquam
278 2079 502 2139 modestammaarar
516 2080 684 2138 permissimus,
700 2079 763 2136 ira]
784 2077 936 2127 Aliivocem
1029 2124 1033 2129 .

56 2158 135 2190 uuam
146 2143 172 2189 in
184 2142 244 2194 duas
255 2141 417 2190 divulserant:
435 2139 625 2252 scripseruntque
640 2140 689 2188 hoc
706 2139 798 2189 modo:
816 2146 935 2206 mquam

56 2208 150 2266 modesta
166 2211 270 2253 mandata
283 2207 349 2265 fert?
367 2209 387 2251 ii
398 2205 474 2265 sumus
486 2207 531 2257 &q
548 2210 576 2252 Se
609 2204 673 2259 hac,
691 2218 723 2251 ne
740 2205 835 2260 vivam,
851 2204 950 2254 finon-

55 2270 94 2319 ita
110 2271 190 2317 muita
208 2268 275 2326 sunt,
293 2281 319 2316 ut
336 2268 469 2316 admonere
485 2269 581 2333 pigeat:
598 2267 730 2333 prasertim
747 2283 803 2316 curn
815 2268 935 2317 veniatin

57 2346 185 2388 mentem,
202 2330 269 2397 poss'e
282 2332 354 2379 alicui
366 2331 504 2380 sermonem
515 2333 586 2390 dari,
609 2346 649 2379 me
664 2331 691 2380 id
707 2331 814 2389 jaitandi
831 2333 882 2380 mei
897 2343 937 2379 at·

77 2412 108 2444 ue
118 2398 223 2443 aliorum
234 2395 368 2444 infestandi
380 2394 449 2444 causi
460 2395 553 2444 facere:
564 2410 578 2443 a
590 2410 640 2460 quo
651 2404 736 2443 'tannen
746 2393 936 2459 longiffimeab·

57 2413 119 2510 flam.
138 2459 183 2507 Sed
195 2476 279 2509 vereor
291 2457 395 2516 tursum,
413 2458 431 2507 fi
442 2472 554 2516 tacuero,
562 2475 593 2506 ne
604 2461 659 2523 quis
669 2475 709 2507 me
722 2460 857 2523 gloriolam
869 2473 936 2522 quae·

57 2523 111 2572 iisse
129 2524 195 2570 dicat
212 2540 242 2571 ex
260 2538 290 2570 eo
309 2524 386 2582 libro,
403 2525 446 2587 qui
457 2524 507 2583 jam
519 2524 624 2570 aliorum
636 2521 710 2587 operi
720 2523 778 2570 iaris
789 2522 935 2570 emendatus

57 2585 124 2636 effet.
143 2588 245 2634 Utinam
257 2588 345 2650 igitur,
360 2585 377 2634 fi
389 2588 432 2652 qui
444 2586 492 2635 hoc
503 2584 568 2634 forte
581 2587 677 2642 dicent,
695 2600 746 2650 quo
757 2584 783 2633 id
794 2586 882 2633 certius
894 2583 933 2632 fa-

22 2655 25 2661 '
56 2653 143 2705 ciant,
166 2652 264 2715 capiant
279 2651 392 2701 laborem
410 2650 480 2712 hujus
501 2649 619 2698 editionis
634 2664 691 2697 cum
706 2650 762 2698 aliis
779 2646 934 2699 conferendia

55 2720 171 2765 Muretus.

89 2794 128 2832 29.
145 2784 269 2840 Utramque
277 2780 631 2842 provinciam,inquit‚remittt.]
648 2777 861 2841 Ant.Auguiiinus
868 2774 934 2824 delet

57 2855 187 2904 utramque,
196 2843 254 2904 quia
264 2840 324 2888 dicit
335 2842 421 2906 paulio
432 2842 484 2906 post
491 2876 498 2898 ,
505 2844 820 2905 Galliam,inqnit‚quatam
831 2844 933 2896 remitto,

58 2913 170 2952 Comatam
185 2906 285 2973 postulo:
314 2918 338 2952 at
356 2905 426 2966 hujus
441 2906 493 2952 ioci
509 2916 564 2952 tota
580 2902 701 2951 sententia
718 2903 813 2952 videtur
829 2905 934 2953 retinere

57 2983 182 3032 utramque.
195 2969 302 3030 primum
314 2967 400 3025 verba,
418 2982 470 3032 quar
481 2967 563 3016 statim
574 2966 717 3032 sequuntur,
730 2971 838 3015 Privatus
847 2969 883 3028 ffe
893 2984 936 3014 nm
965 3012 969 3023 ,

57 3033 127 3088 rccufo
135 3050 143 3076 :
160 3030 250 3078 deinde
266 3030 349 3087 infra,
366 3034 467 3079 Gainam
478 3036 582 3094 Togatam
594 3035 680 3078 remitto
692 3063 700 3086 ‚
719 3037 828 3078 Comatam
836 3032 933 3093 postulo:

57 3097 133 3159 piane
149 3110 200 3142 non
220 3096 273 3142 sunt
291 3091 378 3143 eadem
394 3094 513 3143 mandata
532 3109 588 3143 cum
598 3093 773 3158 superioribus,
790 3093 885 3157 alioqui
895 3093 934 3139 bis

58 3158 145 3206 eadent
157 3156 287 3221 reperisset.
304 3155 344 3204 sed
356 3169 381 3205 ut
393 3157 421 3205 fit
432 3160 458 3206 in
470 3157 577 3206 ferendis
594 3157 792 3212 conditionibus,
810 3156 935 3204 Antonius

59 3220 133 3269 dabat
145 3224 275 3284 optionem
286 3221 378 3268 senatui
389 3222 531 3285 populoque
542 3225 574 3269 R.
592 3235 645 3268 utta
657 3220 744 3269 mallet
758 3218 876 3268 mandata
892 3230 934 3267 aut

58 3284 216 3333 eonditiones
233 3285 361 3348 accipere,
378 3284 447 3349 quod
464 3283 577 3332 ea'verba
587 3287 653 3333 clare
663 3283 808 3339 ostendunt,
825 3281 937 3344 εἰρανιιιὸε

56 3348 137 3396 dista:
157 3357 230 3412 Neque
241 3364 312 3395 tamen
323 3367 360 3396 nos
371 3363 431 3410 urget
441 3350 551 3396 mandaris
559 3351 674 3410 pluribus:
691 3352 785 3396 remittit
795 3350 939 3412 aliquantum

58 3415 85 3464 dr
98 3416 191 3460 relaxat.
211 3415 345 3462 cumcuim
357 3412 418 3461 dicit
429 3413 529 3474 pluribus
540 3444 547 3466 ,
564 3409 688 3468 ostendit,
702 3425 754 3458 non
771 3408 859 3465 uidem
875 3410 937 3459 ess'et

58 3490 115 3529 cum
126 3479 221 3527 amittit
232 3478 257 3531 (r
269 3479 368 3536 relaxat,
384 3475 492 3527 ostendit
502 3475 641 3524 Antonium
653 3486 741 3526 contra
757 3471 846 3527 facere.
862 3475 940 3585 vrfip.

168 3574 171 3579 ·
435 3543 494 3593 λιι
509 3555 555 3592 att
570 3553 643 3599 tres
856 3553 894 3596 30.
931 3550 942 3588 r
