2324 3930
242 112 446 209 Auernum
466 123 552 194 lara
573 116 796 194 rit'Exmrurs.
869 141 956 210 3331·

68 230 206 301 stultitiis}
232 246 353 308 quorum
374 230 485 291 animur
504 227 704 306 estreligionis
721 231 827 319 pietate
850 228 958 289 defun-2

71 307 146 369 ciue:
166 306 271 368 debetis
281 306 353 367 mihi
365 325 481 385 quoque
492 306 665 384 prospicere,
683 324 732 384 qur
749 305 862 366 numini
878 304 951 365 deo-

67 398 132 444 rum
147 383 337 444 consectatum
349 384 450 445 sartum
461 382 569 443 tetrum
581 383 616 442 ab
629 385 710 443 omni
721 399 735 431 c
748 381 859 459 piaculo
872 396 969 445 con-e
984 393 1093 464 parim

67 460 190 531 servavi,
209 459 239 518 bc
251 476 304 537 uos
323 470 355 518 ut
374 460 464 520 tutam
481 459 714 539 tranquillamque
724 460 867 519 fortunam
887 462 998 518 tra-alti.

68 536 185 606 heretis,
204 534 268 594 mei
279 537 384 612 perfeci
396 535 543 613 vigilantii.
569 537 645 596 Nam
661 554 725 606 me,
742 552 828 612 quem
848 534 942 611 paullo

69 611 134 671 ante
151 613 263 672 fortuna
283 625 408 672 erexerat
424 613 605 689 ad-gloriam,
624 613 710 673 virtus
724 612 824 672 extulit
837 611 873 670 ad
884 610 945 671 lau·

66 688 150 756 dem,
169 687 289 764 populus
307 687 402 747 tribuit
421 689 579 748 honorem:
599 689 723 749 eundem
741 688 843 747 tribuni
862 688 942 747 sutor

66 764 220 840 exagitatus
232 763 337 838 depulit
348 764 384 823 ad
396 765 593 824 calamitatem.
620 767 657 824 Et
667 765 803 842 quoniam
817 762 944 822 animad-

67 840 209 910 vertistie,'
219 839 295 898 illam
309 841 705 916 conspirationemconflatam
719 837 830 907 itajesse
849 839 946 899 restin-

68 915 161 986 dlam,
178 928 210 976 ut
220 916 294 976 nulla
305 915 419 976 scintilla
432 929 593 993 compareat
605 917 743 986 incendii,
762 933 814 975 vos
827 932 943 995 quoque

65 993 240 1051 tribuniciam
253 990 344 1053 sedate
356 995 541 1053 temeritatem
554 995 615 1070 (qui
626 1010 702 1053 nunc
713 993 740 1052 se
759 992 829 1053 mihi
848 993 943 1051 rnrmi-
986 1042 989 1049 .

67 1085 133 1128 cum
154 1067 287 1138 ostendit,
304 1068 332 1127 se
351 1070 422 1145 prius
442 1068 496 1128 esse
514 1069 635 1128 vestrum
652 1067 786 1145 professus
798 1067 836 1126 est
848 1068 944 1127 inimi·

67 1147 153 1221 cum)
173 1162 211 1212 ne
222 1145 262 1204 rei
274 1144 462 1216 crudelitas‚d
479 1156 590 1221 experta
601 1147 631 1202 in
645 1161 711 1215 me,
728 1145 758 1203 in
770 1161 823 1203 vos
835 1155 964 1207 conta-d
979 1171 1010 1209 ex
1027 1173 1091 1212 erre·

64 1218 162 1291 lescat,
182 1222 212 1280 δι
232 1221 372 1280 calamitas
391 1232 534 1283 remorata
548 1219 656 1297 longiis
669 1220 757 1298 serpat
774 1230 858 1298 atque
876 1218 985 1297 pro-dt
996 1173 1048 1274 dii·

59 1297 214 1374 grediatur,
233 1310 398 1374 praecavete.
877 1324 879 1328 ⁴
1095 1324 1097 1328 ¹

101 1374 187 1434 Nunc
206 1374 252 1432 vel
271 1374 342 1434 solus
357 1373 480 1435 delectio
499 1374 534 1435 ad
554 1374 759 1445 calamitatem,
777 1373 823 1433 vel
835 1374 981 1459 primutr5

61 1461 180 1531 voqatus
192 1449 227 1508 ad
239 1450 294 1510 tale
325 1451 475 1523 ericulum,
496 1453 627 1512 omnium
647 1454 757 1511 animos
771 1451 835 1529 jure
847 1451 938 1511 debeo

61 1542 258 1586 commovere.
325 1528 400 1587 mnia
413 1527 473 1586 sunt
485 1528 642 1588 immutata.
659 1545 758 1588 marrus
768 1527 804 1586 ad
817 1527 949 1587 demon.

60 1601 199 1662 sitandam
213 1601 360 1678 religantur
370 1604 514 1678 injuriam:
533 1606 625 1680 lingua
638 1604 767 1663 inciditur
784 1602 820 1661 ad
840 1602 937 1679 deplo-

60 1680 178 1738 randam
198 1680 398 1738 calamitatem:
419 1681 530 1740 animus
547 1678 725 1757 praecluditur
744 1677 780 1739 ad
792 1695 945 1753 erponem:

60 1754 127 1815 dam
139 1757 179 1814 rei
191 1755 395 1832 indignitatem.
412 1755 609 1817 Humilitatem
616 1757 724 1834 generis
736 1754 873 1831 objiciunt
883 1759 938 1814 rio-
962 1782 990 1835 3:

61 1830 122 1900 bis,
148 1834 197 1909 qui
214 1848 321 1890 novam
341 1833 479 1893 rationem
496 1831 644 1902 suscitant,
668 1844 776 1891 veteres
793 1830 946 1906 majorum-

58 1907 192 1967 0bterunt
207 1906 310 1967 laudea.
327 1905 382 1967 Sed
401 1907 469 1984 quid
489 1925 543 1985 ego
563 1910 640 1986 plura
657 1908 693 1968 de
710 1907 822 1966 illomm
839 1918 887 1965 aut
904 1906 943 1969 iu.

59 2000 111 2042 me
128 1981 307 2052 maledicus*
317 1995 368 2041 aut
379 1983 409 2042 in
422 2001 475 2042 vos
486 1983 614 2044 scelerate
632 1985 730 2061 loquar
747 1979 845 2043 aare?
864 1999 944 2060 quo-⁴

58 2076 122 2119 rum
143 2060 255 2137 cognita
272 2057 457 2134 improbitas,
482 2076 531 2120 me
548 2072 680 2130 tacente,
704 2060 862 2136 coarguitur
879 2061 947 2119 tur·'
1025 2109 1027 2112 .

57 2134 186 2215 pitudirre
204 2136 287 2206 vitae,
307 2147 340 2193 ut
360 2134 396 2194 de
413 2137 446 2196 iis
464 2153 524 2196 non
538 2135 571 2197 sit
589 2135 698 2197 necesse
715 2136 846 2196 inimicos
863 2151 936 2212 ptat-

59 2213 174 2283 dicare,
207 2211 244 2272 de
263 2228 386 2289 quomto
404 2210 505 2272 scelere
523 2230 561 2273 ne
578 2214 664 2273 amici
682 2211 798 2292 quidem
816 2221 864 2271 aut
880 2209 932 2287 ipfi

57 2286 171 2366 possunt
193 2304 303 2366 negare
346 2287 409 2346 Vos
435 2305 495 2364 ego.
507 2290 640 2366 appello,
693 2287 858 2348 uorum'de
882 2303 930 2346 mc
938 2285 975 2347 16

58 2366 184 2426 maxima
196 2364 234 2424 est
251 2364 378 2441 potestas.
396 2367 470 2441 apud
487 2383 539 2425 vot
556 2366 660 2444 loquor
673 2307 723 2426 de.
734 2380 800 2424 mea
819 2361 945 2425 calami.

55 2452 130 2576 hate,
148 2458 220 2523 quoa
236 2439 321 2500 habui
336 2441 444 2521 semper
462 2441 634 2505 innocentiae
646 2443 677 2503 &
689 2440 797 2505 uirtutis
808 2439 882 2501 'meae
892 2450 944 2503 te-3

80 2534 166 2655 esllll.
183 2562 338 2656 latratu¹
352 2612 388 2655 ex
405 2598 518 2658 civitate
535 2566 722 2658 benemeritus
740 2595 776 2655 de
794 2568 942 2731 regublica'

56 2671 316 2732 ciuisexturbatut?
333 2671 809 2750 innocenstexpelllturicousolaris
840 2670 933 2731 omo?
984 2698 988 2705 ·

56 2764 119 2807 non
130 2747 846 2827 taculuribuaususquondam'miniminamicorum
857 2748 932 2808 mul-

57 2835 153 2882 tomru
166 2823 291 2900 praefidio
301 2825 445 2896 munsture
459 2843 535 2886 nuuc
545 2827 647 2904 partim
659 2827 695 2885 ab
704 2825 943 2901 invidispartim·

57 2899 95 2958 ab
105 2900 225 2959 inimicis
236 2901 441 2962 circumventus
452 2915 516 2980 eget
524 2900 728 2980 indigneilruic
741 2900 944 2978 siopemuon·

54 2975 173 3037 talentis
183 2977 217 3036 in·
226 2976 352 3053 periculo
371 2978 483 3056 capitia,
499 2996 571 3051 uos,
590 2977 695 3051 credo,
712 2978 863 3039 retinebitis
878 2995 941 3038 re«

56 3051 140 3113 stram
151 3051 384 3130 libertatemiqus
394 3073 487 3133 neque
498 3066 575 3116 tanta
586 3055 684 3117 valetis
693 3053 939 3124 audioritate,nc-=

55 3145 112 3205 que
128 3139 272 3204 tantorum
292 3129 450 3191 officiorum
468 3132 623 3209 impensam
643 3131 736 3208 egistis.
754 3135 784 3190 iu
822 3131 932 3193 atnam.
957 3162 985 3197 -:

58 3205 129 3265 mibi
148 3205 276 3274 credite,
293 3206 397 3266 hocin
416 3226 475 3268 uno
493 3208 711 3268 incommodum
732 3225 787 3267 con
851 3213 928 3268 atum

56 3279 210 3343 mtdtorurn
222 3281 371 3345 infirmabit
379 3284 619 3345 incolumitatem:
637 3285 668 3343 dt
679 3285 700 3343 fi
712 3285 793 3345 initio
806 3300 865 3343 uon
878 3285 939 3344 criti

55 3356 221 3442 resumtum,
240 3357 356 3436 impune
374 3359 411 3420 ad
429 3363 559 3422 omnium
577 3362 730 3438 pemiciem
749 3359 939 3423 convdescera

53 3431 294 3511 Proinde-autin
310 3453 379 3505 meo
394 3436 794 3579 gericulotsalutem-integranp
801 3435 941 3517 pietaten

116 3554 123 3564 ·
426 3529 465 3578 cc
483 3531 545 3578 ccc
563 3530 626 3579 ccc
643 3529 660 3581 c
677 3531 696 3579 2
848 3527 929 3573 com·
