2324 3930
224 125 315 211 82⁶4
561 119 594 188 Ο
616 139 687 187 un
708 140 730 187 r
753 143 766 189 t
788 143 810 188 o

230 222 395 305 semperque
409 222 547 293 fecimus„
561 221 659 283 urbem
674 223 704 291 ὃς
717 241 760 284 res
773 223 892 293 urbanas
902 224 1051 289 vobiscum
1063 235 1115 306 pai

231 305 297 361 riter
311 297 461 369 tuebimur.
478 315 480 319 ’
497 301 601 378 Neque
614 300 683 359 verb
696 300 792 359 recuso
809 319 912 362 munus
923 301 996 377 hocs
1014 322 1116 382 quanta

231 396 316 455 quam
328 379 465 454 populum
478 379 641 436 Romanurn
655 375 740 439 video
753 394 804 454 pro
817 395 865 436 me
878 379 1009 445 recusare,
1025 399 1116 441 nemo

74 480 93 519 0
108 476 149 517 me
158 459 211 522 deest
235 471 250 502 ο
264 473 311 513 nre
325 454 416 513 minius
427 455 558 522 timidus,
573 470 661 513 ncmo
674 452 792 514 cautior.
807 471 850 514 res
862 453 991 516 declarat.
1007 458 1115 533 augea

74 531 321 666 ptvplcffcpmuslrmus
330 547 419 664 3¹12}ss
430 529 488 666 cstd,
505 531 569 589 ciam
584 546 685 664 opines
695 529 816 666 scelerbalpi
829 546 876 588 mc
895 542 985 667 ununp
1004 545 1117 667 petunt.

89 642 129 657 „
602 622 640 663 rr
723 624 731 663 r
1107 628 1115 669 z

74 660 146 767 ap„
164 718 207 765 ,0
233 620 955 758 lubunnarrabant‘attestatur
988 620 1114 744 afuit

73 731 195 835 {omino
231 760 288 820 hoc
307 758 415 819 dicam:
435 758 492 817 scio
513 760 588 816 enim
608 756 718 835 quidvis
735 758 847 817 homini
869 757 995 819 accidere
1015 761 1111 837 polle:

76 849 131 897 atra.
231 849 427 895 verumtamen
441 847 470 880 ²⁹
483 833 567 892 semel
581 831 854 899 circumseffusledlis
864 834 1114 896 valentillimorum

76 959 220 1015 resurgere
234 912 386 1045 lronpinunr
405 911 507 971 viribus
526 911 616 976 cecidi
634 909 733 980 sciens,
753 922 785 970 ut
800 911 987 973 honestiiliml
1006 911 1115 989 polletn

108 1015 124 1023 ··
235 1003 338 1046 texor
374 1004 412 1046 re.

78 1013 131 1062 ω’
193 1088 228 1146 25
279 1075 307 1114 ³⁰
319 1005 470 1125 Pfieffumne
482 1061 565 1138 igitur
578 1062 637 1123 satis
650 1060 738 1123 videri
751 1075 847 1123 cautus
855 1102 865 1134 ,
884 1064 946 1125 satis
964 1066 1114 1142 providus,

77 1175 120 1229 fs
133 1178 184 1224 lam
196 1191 221 1224 e·
238 1137 319 1197 sume
332 1140 397 1198 huic
412 1141 504 1198 itineri
524 1155 582 1198 tarn
602 1139 701 1211 infesto
719 1153 835 1218 tamque
856 1142 1013 1216 periculoso
1034 1161 1113 1202 conr·

78 1193 132 1293 „5ss
145 1242 209 1305 8¹⁰¹·
238 1215 358 1277 misero?
378 1217 392 1267 s
400 1217 516 1292 gloriam
529 1219 560 1276 in
572 1229 664 1276 morte
682 1215 786 1276 debent
801 1218 839 1287 ii,
857 1219 907 1295 qui
925 1220 954 1276 in
973 1220 1114 1295 republica

77 1310 166 1359 nauare
238 1292 457 1363 versantur,n0n
472 1292 560 1368 culpae
575 1293 816 1369 reprehensionem
829 1297 858 1352 ὃ(
871 1294 989 1355 stultitiae
998 1297 1113 1372 uitupe-

107 1428 113 1438 ,
133 1371 159 1416 P·
170 1369 197 1440 β·
238 1371 376 1429 rationem
390 1369 556 1444 relinquere.
573 1371 646 1442 Quis
657 1370 747 1428 bonus
755 1388 815 1429 non
825 1371 1115 1446 lugetmortemTre·
1158 1409 1160 1415 ·

78 1441 208 1484 “meniu
239 1444 338 1503 bonii?
358 1446 418 1521 quis
436 1461 495 1502 non
516 1445 592 1503 dolet
604 1459 614 1489 1
627 1447 769 1504 interitum
789 1445 849 1505 talis
867 1448 897 1506 ὃ(
917 1448 986 1506 civis
998 1449 1027 1507 ὃ(
1042 1448 1114 1508 tiri?

78 1496 147 1549 Μ’·
238 1521 279 1579 At
293 1520 353 1579 sunt
366 1522 414 1598 qui
427 1519 519 1584 dicant
532 1519 612 1596 (dura
624 1521 662 1579 illi
674 1521 805 1598 quidem,
824 1522 870 1583 sed
889 1536 985 1582 tamen
1005 1526 1114 1603 dicunt)

179 1609 186 1617 ·
240 1596 332 1661 minias
350 1596 520 1665 dolendum,
538 1597 616 1675 quod
635 1597 669 1654 ab
687 1599 805 1657 homine
822 1600 935 1675 impuro
948 1603 1114 1678 nefarioque
1153 1610 1156 1653 :

238 1691 299 1733 non
311 1673 424 1732 caverit.
441 1676 545 1732 etenim
579 1674 606 1732 ui
619 1672 771 1733 multorum
784 1675 928 1736 custodem
940 1675 967 1735 se
986 1678 1115 1754 profitea·

238 1758 300 1818 tur,
321 1769 386 1811 eum
405 1749 540 1829 sapientes
555 1690 596 1810 Hui
615 1751 736 1825 primurn
757 1753 852 1826 capitis
870 1755 947 1828 ajunt
967 1753 1111 1816 custodem
1158 1748 1160 1777 ³

240 1824 294 1886 effe
307 1841 445 1903 oportere.
465 1826 536 1885 Cum
550 1828 638 1904 septus
652 1825 685 1884 fis
695 1826 799 1904 legibus
819 1829 849 1886 &
865 1829 1038 1905 judiciorum
1054 1850 1115 1893 nnc·

238 1914 288 1972 tu,
306 1921 366 1962 non
384 1905 445 1962 lunt
464 1903 562 1962 omnia
580 1901 722 1974 timenda,
741 1921 834 1982 neque
848 1905 884 1966 ad
895 1923 995 1966 omnes
1006 1908 1115 1970 infidias

240 1979 363 2059 praefidia
377 1971 536 2055 quaerenda.
551 1983 613 2058 quis
625 1980 699 2042 enim
712 1979 813 2039 audeat
824 1981 896 2053 luci,
916 1983 976 2061 quis
993 1986 1023 2042 in
1042 1985 1115 2059 milif

240 2059 292 2114 tari
305 2057 367 2124 via,
387 2059 447 2132 quis
466 2057 537 2115 bene
557 2056 740 2128 comitatum,
759 2057 821 2134 quis
839 2057 967 2117 illustrem
980 2060 1114 2137 aggredi?

194 2131 312 2211 26Haec
326 2150 418 2219 neque
430 2133 487 2201 boc
498 2146 638 2213 tempore,
652 2148 746 2223 neque
758 2134 788 2194 in
800 2150 848 2195 nae
861 2135 962 2196 valent.
978 2153 1039 2198 non
1053 2157 1116 2201 nro·

1079 2215 1118 2303 u

239 2377 295 2426 rina.
310 2372 416 2424 Ursinus.
449 2370 541 2429 Melius
557 2369 632 2429 istud,
649 2385 707 2422 meo
727 2371 832 2432 iudicio,
849 2374 924 2440 qdlm
939 2372 1029 2426 Fadrni
1050 2392 1115 2428 con·
1158 2424 1160 2431 .

240 2439 392 2500 pedaneum,
409 2435 476 2500 quod
486 2437 556 2484 libris
566 2433 614 2484 suis
625 2437 742 2502 adplicuit
753 2436 899 2494 Lambinus,
911 2440 1021 2498 fuderint.
1039 2445 1114 2491 Gruta

241 2505 352 2561 Muretus
369 2499 463 2547 addidit
475 2517 525 2546 nam
536 2503 574 2546 boc
584 2513 646 2563 caput
658 2503 693 2562 est.
726 2499 763 2548 Sic
774 2501 840 2548 enirn
851 2502 902 2556 ejus
912 2499 1004 2557 editio:
1022 2507 1116 2552 Oderint

241 2569 317 2624 basiem
335 2565 402 2628 (nam
412 2567 448 2608 boc
458 2576 520 2626 caput
529 2561 574 2626 est)
585 2581 622 2610 not
634 2578 658 2612 ut
667 2565 769 2613 dicimus.
790 2561 836 2610 Ista
846 2561 911 2612 unde
921 2560 1025 2613 hauserit
1038 2565 1114 2618 verba

241 2630 340 2694 ignoro.
358 2631 386 2674 ln
398 2626 469 2674 nullo
485 2637 559 2675 manu
580 2639 681 2676 exarato
697 2637 737 2675 aut
754 2625 820 2691 typis
834 2625 903 2675 edito
918 2625 997 2686 libro,
1014 2642 1113 2694 prater·

241 2706 316 2761 quarn
327 2691 353 2739 in
366 2689 457 2738 Mureti
468 2689 577 2737 editione
589 2690 633 2738 illa
641 2690 746 2747 ‚interii
762 2695 837 2738 (iren.

271 2770 310 2810 29.
327 2757 398 2804 Semel
407 2755 549 2814 circumseffits
558 2756 619 2799 leuis
628 2751 819 2814 valentrffimornm
828 2755 937 2802 bominum
947 2756 1036 2803 viribus
1045 2754 1114 2805 cecr'da⁴

236 2820 331 2884 sciona]
350 2821 481 2873 Putamus,
498 2830 542 2881 pro
556 2819 718 2878 circumseffus,
734 2815 886 2881 legendum,
901 2819 1069 2881 circumseptus,
1085 2811 1112 2870 id

242 2882 276 2935 est
293 2879 402 2930 munitus
413 2890 487 2942 atque
498 2876 618 2927 defensus.
635 2891 661 2927 ut
679 2877 795 2929 referatur
806 2878 837 2929 ad
848 2885 962 2945 tempora
974 2882 1114 2942 elodiana,

260 2944 328 2991 uibus
347 2942 436 2991 Cicero
452 2955 553 2990 omnem
569 2942 669 2990 ltaliam
680 2939 860 3006 conspirantem
876 2943 902 2992 in
913 2945 1033 2994 auxilium
1045 2946 1113 2996 suurn

241 2961 357 3060 flestumt.
374 3010 479 3054 farmus.
497 3008 662 3064 circumleffas.]
678 3007 809 3056 Clodianis
819 3005 983 3073 temporibus:
1001 3024 1057 3057 cum
1072 3010 1116 3058 dc'·

242 3083 334 3126 certare
345 3069 429 3123 nolui,
445 3066 485 3116 sed
496 3068 552 3117 urbe
564 3068 632 3125 cetlr,
651 3083 682 3118 nc
693 3068 750 3118 med
761 3068 840 3119 canili
851 3079 907 3119 cunr
918 3071 1037 3136 improbis
1053 3073 1115 3125 boui

241 3144 386 3206 pugnarent.
419 3132 523 3187 Malim,
541 3131 608 3196 quod
624 3133 721 3181 Fa‘e'rno
738 3135 844 3198 placuit,
859 3138 1016 3197 circumseptus.
1039 3152 1114 3199 nans,

241 3199 397 3258 circumfiffus,
413 3209 465 3245 non
477 3197 542 3244 valet
559 3197 682 3255 munitus,
699 3195 738 3245 led
755 3196 787 3270 ab
802 3197 910 3247 inimicis
924 3197 1114 3251 circumventus.

241 3267 270 3310 1’.
283 3266 371 3309 luanus.
709 3286 712 3290 ·

274 3339 311 3384 30.
332 3323 439 3384 l’offiamne
449 3323 516 3381 igitur
521 3322 580 3382 fiatis
590 3324 652 3368 velis
662 3324 737 3370 videri
748 3330 844 3382 aternu]
860 3328 898 3374 lta
909 3322 942 3373 est
953 3324 979 3371 in
988 3326 1117 3376 uettrllilli-

160 3387 165 3395 “
240 3396 287 3504 pro
297 3383 377 3499 librp,
393 3387 421 3504 dp
422 3385 519 3499 1pirelius
536 3384 610 3454 quarn
628 3384 654 3436 in
672 3387 799 3455 vulgatis,
823 3388 867 3454 qui
884 3398 936 3439 non
953 3387 1044 3442 babent
1063 3405 1118 3442 ver·

183 3490 185 3494 ·
258 3463 300 3509 um
315 3466 343 3500 ¹00
356 3467 384 3499 n.
453 3464 479 3501 fla

1010 3548 1047 3591 st.
1066 3540 1119 3588 att·
