2324 3930
246 122 329 208 3¹³5ss
471 112 816 195 sonatio·
886 132 904 141 ’·

242 224 273 282 lo
286 224 351 284 antb
362 224 505 285 decretum
519 222 578 294 est,-
593 234 624 282 ut
636 221 790 281 exercitum
803 220 870 281 citra
881 219 990 307 flumen
1004 221 1138 308 Rubico<

245 318 330 371 uem,
350 303 399 379 qui
411 301 473 362 finis
485 300 523 360 eil
537 300 652 368 Galliae,
672 297 895 367 educeret,dum
909 314 949 363 ne
961 299 1075 373 propriis
1086 317 1135 363 ur·

246 376 313 435 bern
333 381 458 437 Romam
479 379 537 436 CC.
553 377 619 435 mill.
632 373 817 434 admoveret?
837 373 902 431 huic
924 374 1132 441 denuntiationi

87 466 106 514 n
124 463 150 511 aa
161 462 216 507 cc.
248 452 294 517 ille
307 455 419 529 pareat?
441 453 512 513 *ille
525 453 554 512 se
565 453 652 518 fluvio
663 451 811 517 Rubicone
826 449 997 517 immiti.
1010 451 1133 526 circum7

89 527 144 579 mii.
158 522 233 572 Mi·
250 528 380 605 scriptum
396 529 449 589 effe
462 527 600 605 patiatur?
703 570 706 577 ·
1035 607 1040 616 Ι

222 594 240 652 6
290 608 359 665 Non
371 609 394 666 is
407 607 445 667 est
456 607 608 667 Antonius.
625 621 691 665 narn
711 601 832 672 uellet,
852 619 912 670 non
932 600 1131 676 commtfiffet,

251 692 283 739 ut
295 684 321 740 ei
335 684 612 759 senatus‚tarnquam
625 679 776 743 Hannibali
787 680 868 739 initio
882 676 945 747 belli
958 681 1056 765 Punici
1066 681 1131 750 ,dee

251 761 449 827 nuntiaret‚ne
463 771 635 837 oppugnaret
650 759 812 832 Saguntum.
831 755 996 842 Qubdverb
1010 758 1049 821 ita
1062 768 1133 823 aro-1

86 833 96 882 i
114 833 188 890 flama
251 846 328 893 catur
346 835 363 893 i
383 837 512 906 Mutina,
530 847 561 896 ut
581 837 615 895 ab
628 835 710 902 urbe,
730 845 875 920 tamquam
891 833 1016 922 pestifera
1030 833 1132 922 iilam·

71 924 73 928 ’
88 901 144 947 '‘⁸-
251 928 314 980 ma,
334 926 473 981 arceatur,
492 930 577 989 quarn
590 913 672 971 habet
683 911 890 986 ignominiam?
903 910 981 987 quod
989 910 1134 998 judicium

103 994 105 1000 '
248 985 376 1046 senatus?
396 989 490 1064 Quid,
510 990 588 1064 quod
608 989 624 1047 a
645 988 739 1048 senatu
759 987 856 1047 dantur
875 986 1005 1047 mandata
1016 987 1129 1063 legalis,

148 1124 163 1135 Η
248 1074 280 1120 ut
298 1065 337 1123 D.
350 1065 465 1124 Brutum
486 1067 642 1142 militesque
662 1064 720 1139 ejus
738 1063 861 1133 adeant,
894 1065 986 1138 iisque
1005 1062 1130 1123 demon-

87 1117 220 1178 ΝΛΜ·
248 1138 354 1210 strent,
386 1142 520 1200 ksumma
540 1147 569 1203 in
596 1140 796 1218 rempublicam
818 1141 918 1198 rnerita
937 1139 1128 1227 beneficiaque

248 1233 349 1277 eorum
369 1229 445 1294 grata
467 1210 524 1281 'elie
549 1218 654 1279 senatui
672 1217 834 1293 populoque
855 1218 1012 1287 Rumam,
1033 1235 1129 1353 mique

183 1359 187 1364 .
248 1309 315 1353 eam
333 1312 392 1353 rem
412 1312 522 1369 magnae
542 1293 616 1359 laudi
635 1293 920 1370 magnoque.honori
940 1292 1021 1353 fore?
1041 1312 1076 1369 pa
1099 1313 1131 1355 n-

247 1386 348 1429 rumne
359 1370 638 1431 censetisAntonium
647 1370 924 1441 ,introireMutinam
937 1369 1131 1445 legatosiexi·

245 1462 276 1502 re
294 1447 359 1505 inde
379 1445 461 1507 turb?
482 1465 639 1524 numquam
660 1448 792 1522 patietur,
814 1447 883 1505 inihi
898 1446 1011 1505 credite.
1033 1448 1127 1509 snovi

244 1521 427 1592 violentiam,
446 1525 515 1583 novi
528 1524 748 1599 impudentiam,
767 1524 835 1585 novi
848 1522 1004 1585 andaciam.

220 1595 236 1655 i
286 1599 348 1657 Nec
362 1600 431 1659 verb
446 1599 481 1659 de
494 1600 559 1669 illo,
579 1599 647 1659 sicut
669 1600 703 1658 de
722 1600 840 1657 homine
859 1600 952 1677 aliquo
972 1599 1127 1673 debemus,

245 1674 293 1734 sed
306 1688 337 1735 ut
352 1676 629 1753 deimportuniffima
643 1675 750 1743 bellua,
770 1677 900 1750 cogitare.
918 1678 994 1762 Quae
1008 1676 1074 1735 clam
1088 1677 1128 1737 ita

242 1750 311 1822 sint,
329 1771 389 1812 non
402 1756 523 1812 omnino
536 1751 694 1813 dilloluturn
708 1752 761 1819 eil,
781 1751 859 1827 quod
873 1754 996 1811 decrevit
1009 1753 1127 1820 senatus.

241 1825 326 1889 habet
337 1831 485 1903 atrocitatis
497 1829 600 1904 aliquid
610 1829 726 1903 legatio:
736 1827 840 1885 utinam
855 1828 923 1887 nibil
936 1829 1126 1889 haberet-nto·

176 1969 177 1972 Ἴ
241 1911 370 1964 raeinam
385 1905 449 1963 ciam
463 1904 599 1982 plerisque
612 1907 641 1962 in
655 1905 733 1963 rebus
745 1904 875 1978 gerendis
888 1905 999 1963 tarditas
1015 1906 1046 1963 &
1061 1923 1127 1981 pro-

101 1978 118 2007 ·’
154 1978 191 2019 ·:..
202 1988 216 2045 ᾖ
238 1982 396 2041 'crastinatio
410 1982 507 2043 odiosa
520 1982 571 2040 est:
591 1994 653 2040 tum
666 1981 722 2039 boc
734 1980 836 2042 bellum
851 1981 956 2056 indiget
970 1981 1127 2057 celeritatip.

168 2104 172 2111 .
196 2074 201 2084 ·
239 2057 453 2119 succurrendum
465 2058 504 2116 est
515 2059 553 2116 D.
566 2059 666 2117 Bruto:
688 2073 787 2115 ornnes
800 2056 924 2132 undique
938 2060 1031 2131 copie
1046 2060 1127 2119 colli·
1157 2092 1160 2101 ·

81 2116 221 2207 mein·
238 2135 355 2208 gendae:
377 2136 501 2193 ⁶horam
522 2135 652 2192 exhibete
672 2133 776 2200 nullam
795 2132 888 2199 intuli
900 2135 962 2198 cive
976 2134 1122 2199 liberando

159 2258 162 2263 .
205 2246 208 2251 -
240 2209 298 2275 stne
309 2212 408 2271 scelere
420 2229 480 2277 non
491 2209 656 2291 poffumun
783 2245 784 2248 =
1075 2264 1124 2353 An.

253 2492 256 2497 -
270 2477 294 2518 4.
312 2461 382 2518 illese
393 2463 474 2509 Flavi·
481 2464 609 2523 Rubicone]
624 2463 679 2511 1²0st
691 2461 740 2511 haec
754 2462 827 2513 verba
839 2465 873 2513 est
887 2466 913 2514 in
934 2467 1039 2531 antiquo
1056 2467 1120 2519 libro

238 2522 320 2573 raiuta
336 2522 438 2572 duarum
456 2527 495 2573 vel
511 2527 586 2575 trium
597 2528 748 2584 litterarum,
766 2541 791 2575 ut
804 2530 936 2587 conjiciam
954 2529 987 2578 ibi
1003 2530 1133 2594 scriptum>

237 2583 309 2649 fpiise
318 2587 358 2635 vel
368 2602 420 2644 aur,
437 2590 477 2637 vel
485 2595 574 2653 pocius,
592 2593 617 2641 δι
631 2603 712 2639 toturn
722 2593 807 2640 locum
817 2593 853 2641 ita
863 2594 914 2658 legi
931 2593 1033 2651 debete,
1050 2598 1118 2658 illese

237 2652 320 2698 Fluvio
331 2652 482 2715 Raditum&
495 2668 532 2703 cc.
549 2657 648 2703 millibus
657 2657 840 2717 circumfiriptum
851 2659 887 2717 effe
899 2660 1009 2718 pariatur.
1028 2660 1115 2715 Patra,

266 2729 288 2769 5.
309 2718 543 2776 noviomensium]
559 2723 597 2766 ita
606 2719 713 2767 Fa'e'rnus
724 2733 754 2767 ex
765 2718 850 2767 codice
861 2720 983 2769 Vaticano
994 2722 1057 2785 legit
1068 2736 1113 2786 pro

234 2778 380 2824 violentiam:
398 2790 422 2826 at
435 2778 462 2826 in
473 2779 554 2829 castris
566 2781 614 2830 hoc
625 2782 648 2828 ei
659 2795 711 2828 non
723 2792 784 2845 puto
796 2782 961 2838 objiciendum
969 2817 976 2840 ,
984 2782 1024 2832 sed
1036 2784 1125 2841 domi,-

235 2838 308 2902 Quod
320 2841 389 2889 enim
399 2856 451 2888 non
466 2840 571 2904 paliurus
582 2844 611 2892 fit
624 2845 721 2908 legatos
738 2844 834 2907 ingredi
854 2847 994 2902 Mutinam,
1011 2862 1065 2896 non
1076 2848 1115 2897 fa-

232 2905 281 2954 ciet
292 2901 422 2959 ebrietate,
439 2903 619 2957 sedviolentid.
638 2908 705 2972 qnod
716 2907 846 2957 confirmat
858 2908 966 2958 belluam
982 2911 1056 2961 illum
1070 2928 1115 2978 ap·

231 2966 342 3041 pellaris,
359 2967 385 3015 in
398 2982 446 3031 qua
456 2984 508 3025 non
518 2971 552 3027 eii
565 2971 709 3027 vinolentia.
726 2974 800 3037 vasta.

251 3024 288 3079 ⁴6.
306 3037 387 3079 Horam
397 3036 492 3079 eximere
501 3036 586 3082 millam
597 3039 620 3082 in
631 3039 674 3083 tali
683 3039 732 3082 cive
747 3039 855 3084 liberando
873 3056 914 3084 non
927 3039 1062 3101 pellicanum]
1077 3045 1113 3089 ita

230 3096 354 3143 Fadrnus:
372 3107 398 3144 at
413 3096 534 3144 Vistotius
550 3101 624 3145 boram
642 3101 738 3146 exhibere
755 3103 853 3154 nuliam.
869 3099 919 3148 live
936 3114 963 3148 ut
976 3101 1009 3150 est
1022 3104 1049 3151 in
1061 3104 1112 3151 alio

228 3158 308 3213 libro,
324 3162 402 3208 ullam.
420 3159 465 3207 sed
476 3162 565 3210 Fa'c‘rni
575 3162 651 3210 tenio
667 3165 818 3212 contrarium
836 3163 930 3221 senium
946 3163 1027 3214 facere
1044 3167 1114 3216 vide.-

228 3232 281 3271 tur:
298 3236 357 3271 narn
374 3223 416 3286 qui
431 3224 519 3272 eximit
535 3223 624 3275 boram
640 3227 666 3273 in
683 3225 826 3283 liberando,
843 3228 914 3275 citius
927 3227 1032 3278 liberate
1043 3230 1124 3279 vide-‘

227 3295 280 3337 tur:
298 3285 433 3348 quinarem
449 3285 518 3334 addit
534 3287 636 3344 horam,
652 3290 760 3346 tardius;
777 3302 852 3354 atque
866 3290 923 3339 ideo
939 3307 995 3340 cum
1013 3291 1110 3351 sceiere,
1126 3327 1129 3335 ι

179 3360 190 3377 ²
227 3347 293 3395 Mihi
305 3348 444 3397 molestiam
456 3350 555 3400 exhibet
567 3351 629 3401 illud
642 3355 738 3401 exhibere
749 3356 831 3401 boram.
850 3368 926 3419 quare
942 3356 1048 3405 mallem
1065 3376 1114 3419 arp-

225 3428 275 3459 ram
286 3412 381 3459 exiliere
389 3415 470 3463 uliam.
486 3414 565 3472 idem.
583 3423 667 3464 Horam
678 3420 775 3465 exhibere
786 3421 871 3465 nullam
882 3423 906 3466 in
917 3423 961 3466 tali
973 3421 1038 3480 rbem]
1054 3425 1113 3471 Hau

224 3473 259 3537 adt
274 3473 350 3535 tedio
367 3475 482 3533 omnium
497 3477 549 3540 fere
565 3477 619 3537 mli.
633 3480 717 3553 itaque
733 3481 890 3541 sumendam
904 3483 1005 3558 putavi,
1022 3497 1111 3608 cogar
