2324 3930
272 106 765 193 Parrirrrcnocrivr:
868 143 945 211 3191

56 234 92 282 to
105 218 322 285 subveniremns.
338 243 392 285 nos
412 227 498 287 etiarn
518 226 708 302 languidiores
722 233 736 276 b
750 226 816 288 faeti
833 228 944 295 sumus,
957 221 975 273 b
990 219 1111 288 ΝΜ·

61 299 211 377 postquam
231 302 350 362 Antonii
371 320 431 361 non
451 302 541 361 solbnr
555 303 700 363 audaciam
721 306 752 363 δι
769 303 878 375 scelus,
895 303 943 364 sed
956 286 974 337 s·
989 301 1066 354 ‘1¹¹am

58 376 148 436 etiarn
164 377 339 440 insolentiam
351 379 563 459 superbiamque
576 380 772 458 perspeximus.

955 354 1010 413 alii·

879 457 944 516 Uti·

55 605 97 654 illi
109 603 202 674 semper
213 611 313 659 oracula
323 608 427 659 fundere
437 608 582 669 judicentur.
605 615 662 676 Ego
674 610 713 673 (ut
723 607 781 675 scis)
792 609 887 659 duobus
898 613 941 657 ab·
962 654 965 659 .

55 667 117 717 hinc
128 674 214 729 annis,
221 688 266 738 pro
277 676 379 730 viribus,
395 678 454 723 viris
465 676 634 739 seposueram:
651 675 738 740 quibus
750 673 886 723 rationibus
898 673 943 721 ad-

55 731 155 793 dustus,
172 736 258 800 postea
267 736 357 786 dicam.
376 742 465 787 Verum
476 752 538 809 ego,
546 738 589 803 qui
600 740 621 786 is
633 735 726 805 semper
737 736 787 795 stri,
795 751 821 786 ut
832 739 909 786 etiam
920 734 940 784 li

54 809 155 846 mecum
173 800 259 848 omnia
276 800 398 858 facerent,
416 800 577 850 assensionem
594 813 680 850 tamen
696 815 773 868 usque
784 802 941 857 cohiberem,

54 857 117 909 dum
134 862 198 911 mihi
214 865 269 929 quis
285 864 349 913 liber
365 862 528 913 assentiretur:
546 880 602 914 curn
613 866 729 915 Marcelli
739 865 841 914 cervini
853 862 944 912 Cardi-

55 924 123 973 nalis
135 924 257 976 beneficio
268 928 307 976 bic
319 932 397 993 Lang.
411 930 501 977 litteris
513 930 663 994 conscriptus
676 931 703 978 in
714 943 803 978 marrus
819 924 943 991 pervenis-

55 986 92 1036 set
110 991 136 1038 &
149 991 192 1039 alii
209 992 282 1041 multi
302 1007 394 1042 veteres
412 991 486 1049 libri,
510 993 573 1042 nilril
590 993 654 1041 milri
671 993 737 1058 priua
753 990 800 1042 suis
837 995 896 1041 udor
912 1002 940 1040 ut

55 1049 123 1100 bunc
134 1052 219 1103 locum
232 1054 347 1105 sidetem.
365 1055 454 1105 Libros
464 1056 539 1120 igitur
550 1058 648 1121 aperio,
665 1008 864 1121 inspiciendos
875 1054 940 1104 nihil

56 1113 88 1162 ab
108 1116 227 1181 impressis
244 1119 387 1184 discrepare.
419 1126 482 1169 Ecce
500 1131 583 1168 autem
598 1135 650 1168 non
666 1120 702 1167 ita
713 1120 795 1168 multo
805 1119 859 1184 post
871 1132 942 1169 tuam

55 1177 239 1242 profectionem
251 1183 338 1233 Paulus
348 1182 481 1244 Ricardns,
498 1182 577 1231 homo
588 1184 645 1231 cium
656 1184 759 1247 optimis
771 1181 854 1239 studiis
871 1183 942 1230 dedi·

54 1253 111 1298 tus,
126 1255 180 1293 tum
191 1244 354 1294 studiosorum
363 1248 477 1295 omnium
488 1257 513 1293 at
534 1262 564 1295 ue
573 1246 686 1311 inprimis
697 1247 733 1294 tui
743 1244 941 1303 studiosissimus,

54 1303 162 1363 librum,
179 1324 232 1357 non
249 1309 322 1358 illurn
339 1310 441 1376 quidem
458 1261 590 1367 vesulium,
607 1309 649 1358 sed
665 1323 751 1358 tamen
762 1308 890 1374 scriptum,
908 1311 941 1359 ad

56 1382 102 1417 me
118 1374 226 1436 Neapoli
243 1388 320 1438 usque
335 1372 508 1439 perferendum
519 1388 594 1424 curat.
627 1379 657 1423 ln
667 1372 716 1423 lroc
728 1374 784 1422 cum
797 1375 878 1422 multa
890 1373 941 1423 alia

56 1435 187 1496 preclara,
204 1450 257 1485 rum
273 1436 336 1495 hoc,
353 1453 404 1511 quo
421 1437 481 1486 dea
500 1436 576 1494 irnns,
592 1437 704 1487 invenio.
723 1441 782 1485 Viris
798 1449 881 1486 autern
892 1451 940 1501 pto

48 1499 146 1551 ,viribus
158 1498 325 1564 seposueram,
342 1501 381 1549 brs
392 1453 529 1550 rationifius
540 1499 667 1567 impulsus.
695 1501 803 1550 Primum
815 1500 882 1566 qubd
893 1500 940 1550 illa

55 1559 145 1619 verba,
163 1569 261 1619 Armis,
278 1570 351 1629 equis,
367 1569 470 1620 viribus,
486 1565 543 1617 cirrn
554 1566 657 1629 indigna
667 1565 796 1614 Ciceronis
805 1564 940 1628 elegantis,

55 1624 116 1673 ciam
128 1639 143 1673 a
153 1628 225 1676 nullo
235 1627 351 1692 scriptore
363 1630 488 1694 usurpata,
504 1641 558 1677 turn
569 1642 728 1693 nequaquam
739 1628 804 1677 inter
819 1628 842 1676 se
859 1630 942 1679 cohae-

56 1688 300 1741 rentiavidebamur.
321 1698 368 1748 Ac,
386 1697 484 1751 Armis,
500 1698 576 1759 equis,
592 1696 668 1746 orris,
684 1693 710 1739 δι
722 1693 890 1749 concinna,&
900 1695 942 1743 lo·

57 1752 229 1815 cupletilsrmis
246 1756 383 1806 audioribus
400 1755 502 1814 usitata,
519 1758 546 1806 bc
564 1757 629 1805 inter
645 1755 669 1803 se
679 1754 745 1802 belle
755 1756 941 1810 convenientia.

57 1815 145 1865 Livius
158 1817 201 1868 lib.
215 1834 293 1870 xxxv.
312 1828 402 1868 Omnem
413 1824 438 1882 se
453 1825 560 1868 Gratiam
575 1821 660 1877 armis,
677 1823 751 1883 equis,
766 1822 841 1876 viris,
858 1837 941 1869 omnem

57 1897 122 1926 oram
133 1886 272 1930 maritimam
282 1886 443 1948 completurum.
461 1890 493 1932 Et
505 1881 549 1933 lib.
562 1898 638 1931 rtxr1.
656 1885 762 1939 Armis„
772 1886 848 1940 viris,
864 1892 940 1947 equis,

57 1947 212 1993 commeatibus
218 1952 312 2008 juvant.
330 1949 356 1996 &
367 1945 411 1996 lib.
427 1962 502 1996 κιαι.
519 1950 619 1994 Terrebat
630 1964 656 1993 ex
671 1948 760 2006 adverso
776 1947 840 2006 bostis
856 1965 940 1996 omnem

54 2011 142 2069 ripam,
159 2014 221 2074 equis
236 2014 339 2075 vr'rs‘sque
354 2013 457 2059 obtinens.
482 2015 513 2060 Et
526 2026 548 2058 v.
565 2014 702 2074 {Quousque
720 2011 799 2066 ibant,
822 2014 884 2075 equis
899 2016 940 2069 vi,-

56 2075 134 2135 rs'sque
152 2076 211 2136 longe
226 2093 250 2121 or
261 2079 304 2123 iate
316 2075 367 2134 fuso
377 2077 463 2136 agmine
475 2076 602 2132 immenfism
613 2076 728 2121 obtinentes
738 2075 787 2121 loci.
806 2074 940 2132 Sallustius,

55 2138 143 2196 Equis,
159 2140 234 2194 viris,
247 2141 338 2200 pecunia
346 2139 425 2198 umrffa
435 2154 546 2202 nunquam
556 2137 627 2199 deseffi
638 2138 691 2198 sunt
707 2140 792 2183 armati
806 2140 831 2185 de
847 2142 939 2202 imperio

46 2211 147 2249 'tessara
179 2199 263 2257 ldem,
280 2204 371 2250 Nullius
386 2203 462 2248 idonee
481 2205 514 2249 rei
531 2218 603 2264 egens,
618 2196 798 2263 armisvirisque
808 2204 941 2265 opulentum.

56 2267 91 2313 Et
102 2262 143 2311 bic
153 2262 203 2327 ipse
213 2265 240 2312 in
252 2279 325 2313 x111.
338 2263 401 2313 Phil.
418 2268 518 2320 Armis,
529 2268 604 2322 virs's,
616 2266 707 2327 pecunia
717 2266 769 2311 belli
776 2267 887 2328 principia
893 2260 941 2326 fir·

55 2331 139 2376 mavit.
157 2327 222 2390 Quid
233 2330 327 2377 multa?
341 2343 372 2377 es
383 2327 497 2377 diuturna
507 2324 676 2378 observatione
686 2325 834 2385 didiceram,
840 2329 941 2392 praela·

57 2402 101 2440 sos
117 2392 260 2439 Latinitatis
279 2392 403 2448 sudores,
420 2407 476 2440 cum
493 2393 631 2456 equitatum
647 2394 674 2441 br
690 2389 827 2456 peditatum
843 2391 941 2456 signifi·

55 2468 113 2504 care
130 2456 237 2514 vellent,
253 2455 290 2506 ita
306 2457 406 2505 locutos
422 2453 484 2511 esse,
501 2470 527 2504 ut
543 2456 652 2505 dicerent
668 2452 746 2521 equos,
763 2458 844 2504 viros:
861 2455 939 2521 idque
1022 2475 1032 2497 ι

56 2518 122 2567 adeo
137 2519 223 2567 tritum
240 2516 323 2577 fuisse,
341 2535 367 2569 ut
384 2521 478 2569 veniret
495 2519 522 2567 in
538 2519 707 2584 proverbium,
724 2531 751 2566 ut
769 2533 826 2567 cum
842 2519 939 2585 aliquid

55 2582 98 2631 vel
117 2583 177 2630 totis
193 2582 298 2640 vitibus,
316 2586 356 2633 vel
373 2584 445 2632 omni
462 2583 588 2632 celeritate
605 2584 698 2632 sosium
711 2581 880 2640 ostenderent,
896 2583 939 2632 his

56 2643 153 2694 duobus
169 2644 248 2694 verbis
265 2645 429 2712 designarent.
462 2648 551 2695 Cicero
568 2647 599 2695 de
616 2644 688 2695 offic.
723 2654 775 2693 tam
794 2651 848 2702 his,
876 2651 938 2696 viris

53 2713 158 2774 equisque
168 2709 178 2774 (
183 2724 208 2756 ut
219 2710 317 2773 dr'citur)
324 2713 346 2769 st
354 2710 480 2769 honestatem
489 2715 548 2759 tueri
563 2731 588 2757 ac
597 2710 800 2768 retinereserrsentia
812 2711 854 2768 est,
867 2712 941 2759 decer·

55 2776 148 2820 tandum
158 2773 194 2827 eil.
213 2776 238 2822 δι
254 2789 289 2823 ιῐ.
303 2773 347 2824 lib.
360 2775 391 2822 ad
403 2779 436 2834 Q
445 2777 511 2823 Fiat.
530 2776 598 2837 cursu
610 2777 718 2835 corrigam
732 2775 873 2829 tarditatem,
890 2787 939 2821 tum

56 2840 132 2901 equis,
149 2849 197 2884 tum
213 2840 287 2885 viris:
304 2841 330 2889 (r
347 2841 452 2902 quoniam
465 2838 545 2897 scribis
557 2847 633 2902 poema
649 2838 676 2883 ab
692 2855 714 2883 eo
731 2836 825 2893 nostrum
832 2840 937 2900 probari,

56 2903 170 2964 quadrigis
179 2904 276 2960 posticis.
294 2906 325 2949 Et
332 2900 358 2948 in
365 2916 402 2965 ep.
411 2900 442 2948 ad
449 2906 504 2950 Vas.
522 2909 584 2949 istunc
593 2903 677 2965 quando
688 2900 783 2958 confecia
792 2900 841 2955 ssent
852 2904 938 2948 omnia:

56 2965 202 3012 delirandum
219 2983 260 3010 non
273 2964 315 3020 esi,
331 2969 386 3028 quin
397 2967 475 3028 equis,
493 2968 567 3020 viris,
584 2967 629 3017 circ.
663 2966 737 3026 Supra
748 2963 815 3010 enim
827 2961 939 3023 dixerat,

60 3034 142 3074 antea
153 3041 174 3074 re
184 3029 329 3074 calumniatus
337 3029 395 3087 sum.
413 3032 474 3077 Non
485 3026 657 3092 ignoro,qnid
668 3026 749 3075 tradat
761 3024 888 3074 Erasmus:
897 3025 939 3075 sed

61 3093 88 3140 δι
99 3090 149 3154 ipse
160 3087 215 3137 toti
227 3090 266 3153 (ut
277 3089 376 3153 dicitur)
388 3091 478 3139 erravit
489 3091 544 3140 vil:
562 3094 588 3141 ἃ
604 3105 724 3155 tanquam
736 3089 786 3137 dux
796 3104 848 3137 ιιοιι
859 3087 940 3137 bonus

60 3155 156 3201 multos
168 3155 231 3201 alios
244 3154 270 3200 in
280 3152 386 3202 eundem
396 3169 423 3203 ra
441 3157 477 3203 uit
488 3170 604 3205 errorem.
621 3169 680 3203 nam
691 3153 799 3218 primum
810 3167 899 3200 omnes
908 3155 941 3202 li-

59 3216 98 3266 bri
109 3230 196 3265 contra
206 3217 285 3280 ipsum
296 3217 403 3266 faciunt:
421 3170 510 3267 grinde
521 3218 581 3284 quid
591 3219 661 3284 equis
672 3232 728 3265 cum
739 3216 815 3264 velis?
821 3218 940 3281 pugnam,

59 3282 155 3344 inquit,
172 3281 308 3345 equestrem
320 3296 347 3329 ac
359 3284 476 3330 navalem
486 3280 621 3346 fignificat:
639 3280 740 3345 perinde
751 3279 819 3343 quali
832 3293 873 3329 aut
890 3293 940 3330 ter·

59 3343 172 3393 restribus
183 3344 256 3392 bellis
270 3348 357 3394 omnia
367 3344 415 3395 smt
427 3347 453 3394 in
465 3347 549 3410 equis,
567 3359 608 3394 aut
625 3344 758 3392 maritimis
775 3347 802 3391 in
818 3345 893 3392 velis:
912 3358 941 3392 ac

60 3422 113 3455 non
125 3409 207 3471 potius
219 3409 270 3456 hac
280 3424 365 3467 remo,
381 3410 426 3458 illa
437 3408 521 3475 pedite
537 3410 675 3457 maximam
693 3420 789 3471 partem
805 3407 943 3456 confician-

59 3482 108 3527 tur.
124 3473 185 3535 Qris
195 3487 270 3540 porto
278 3473 640 3538 Gtaecotum,quisnolirorum
651 3471 700 3522 hoc
710 3470 867 3538 prouerbisun
877 3468 943 3519 usur·

433 3541 493 3590 Res
508 3552 555 3590 ιιι
570 3551 616 3589 ιιι
631 3555 649 3600 4
900 3546 944 3601 pa-

956 3737 1003 3797 (ἶ
