2324 3930
276 137 741 215 Pnrrrrrrclr'Dnerrrni
815 234 819 241 Ι
855 157 941 239 3213·

12 255 17 266 '
53 253 94 314 lus
107 252 254 315 Romanus
274 250 404 311 maximo
423 247 549 307 clamore
568 247 599 306 &
617 246 713 325 plausu
730 244 808 307 Bruti
824 240 943 313 memo-⁵
1031 282 1037 289 -

56 333 127 391 riam
139 325 374 410 prosequebatur?
394 342 495 402 corpus
514 324 609 384 aberat
627 324 794 396 liberatoris,
809 322 943 412 libertatis
954 337 983 396 s.
993 332 1105 403 eciam

56 407 333 477 memoria-aderat:
353 406 383 465 in
403 421 460 481 qua
478 402 555 461 Bruti
574 402 671 479 imago
689 403 768 462 cerni
787 399 943 470 videbatur.

57 485 98 544 At
117 486 195 545 hunc
213 479 262 544 his·
275 481 336 561 ipfis
348 480 481 541 ludorum
496 479 591 540 diebus
600 478 734 540 videbam
746 482 777 539 iu
788 478 874 539 insula
888 481 944 547 cla-

55 561 152 620 riffimi
165 560 356 628 adolescentis,
377 557 502 629 Luculli,
522 558 673 636 propinqui
683 557 740 627 sui,
759 556 828 617 nihil
841 556 893 618 nifi
905 558 944 620 de

55 656 127 713 pace
141 641 171 698 &
183 637 336 699 concordia
349 636 455 695 civium
470 636 654 712 cogitantem.
672 634 804 695 Eundem
816 634 880 695 vidi
888 652 943 712 po·

56 715 111 773 llea
124 714 231 786 Veliae,
251 714 401 773 cedentem
415 711 507 782 Italis,
527 730 620 791 nequa
640 713 758 772 oriretur
776 711 841 771 belli
853 712 943 775 civilis
966 730 970 735 ·
1026 744 1030 751 ·

58 790 136 850 causa
149 805 263 869 propter
276 790 312 850 se.
336 789 393 848 Os
408 789 564 849 esiaculum
583 789 651 853 illud
666 807 727 849 non
741 788 832 850 modo
845 788 943 852 homi·

57 867 160 940 nibus,
179 870 226 928 sed
246 867 329 926 undis
349 807 410 942 ipsis
429 867 458 926 bc
478 866 603 926 litoribus
619 865 793 937 lusiuosum,
813 865 943 931 cederes

34 996 38 1004 .
57 947 143 1018 patria
160 946 344 1085 serratorerp*¹
351 944 431 1032 ejus,
451 960 567 1002 manere
586 944 724 1078 instspatria
739 959 753 1004 s
770 944 940 1020 perditores!
952 967 971 1069 g
985 958 1031 1008 urs
1043 966 1105 1029 ptos

60 1022 88 1059 ¹⁸
103 1018 185 1079 Cassii
196 1020 307 1097 clallisp
345 1037 383 1079 crs
394 1019 454 1096 post
467 1020 605 1079 diebusco
637 1020 804 1098 equebaturs
814 1031 842 1069 ¹⁹
855 1033 942 1083 utme
969 1022 1054 1077 stores.
1067 1030 1104 1080 eu.

55 1098 189 1171 puderet,
208 1109 298 1174 patres
310 1096 472 1172 conscripti,
490 1099 520 1153 in
535 1114 599 1154 eam
611 1098 708 1155 urbem
722 1096 872 1167 redire,ex
904 1117 939 1159 ua
949 1087 1090 1157 '‘ff-1²²¹&

54 1172 221 1308 illgpbipent.
239 1175 309 1262 Sed,
328 1191 387 1252 quo
409 1171 526 1231 confilio
546 1173 695 1244 redierim,
715 1173 796 1232 initio
814 1117 1040 1249 audiiis,tolemq

132 1268 237 1310 essex
259 1262 318 1310 eru.

56 1266 75 1325 P
95 1269 291 1403 Exspetlatirm
302 1327 386 1402 igitur
399 1336 510 1403 tempus
523 1324 539 1384 d
553 1325 640 1385 bruto
648 1324 695 1386 est.
712 1340 778 1385 narn
787 1327 967 1406 quoadrosp

58 1405 156 1462 omnia
177 1405 234 1479 pati
254 1403 340 1473 vidit,
360 1402 421 1461 usus
442 1403 480 1461 est
493 1401 549 1478 ipse
562 1402 716 1462 incredibili
727 1401 868 1479 patientis.
887 1423 943 1482 po·

57 1478 201 1555 steaquim
220 1496 273 1539 vos
292 1479 329 1540 ad
347 1479 502 1539 libertatem
516 1478 597 1538 sensit
610 1478 732 1547 ciceron
752 1478 878 1555 praefidia
890 1488 943 1543 ve'·

58 1557 119 1614 strae
132 1557 250 1630 libertati
262 1556 377 1632 paravit.
401 1556 441 1614 At
455 1557 501 1615 cui
514 1556 581 1632 pesti
593 1568 763 1633 quantaeque
777 1556 892 1619 restitit?
911 1559 941 1619 Si

57 1635 135 1692 eninr
150 1635 185 1692 C.
196 1632 438 1710 Antonius,quod
451 1634 548 1692 animo
562 1630 874 1707 intenderat,perficere
888 1653 942 1712 po-

56 1708 147 1768 tuisset
160 1709 302 1786 (potuisset
316 1721 429 1778 autem,
449 1709 500 1768 nifi
520 1710 578 1785 ejus
597 1708 691 1768 sceleri
710 1709 797 1766 virtus
810 1709 856 1770 M.
866 1710 945 1772 Bruti

56 1787 215 1864 obstitisset)
236 1786 461 1856 Macedoniam,
489 1784 658 1861 illyricum,
691 1785 832 1843 Graeciam
852 1787 946 1862 perdi-

58 1862 197 1923 dissemus.
217 1862 282 1922 esset
310 1863 356 1920 vel
383 1862 599 1947 receptaculum¹
616 1862 695 1938 pulso
714 1862 870 1932 Antonio,
897 1864 944 1925 vel

60 1949 88 1977 ⁸0
102 1957 183 2014 agger
197 1938 392 2015 oppugnandae
405 1939 493 1997 ltaliae
507 1937 632 1996 Graecra:
654 1955 719 2016 quae
739 1937 855 2014 quidem
868 1957 946 2076 nuptie

58 2164 96 2225 jus
108 2162 195 2226 eapitis
206 2162 231 2210 lc
243 2160 366 2227 sequentis
378 2161 497 2224 usquead
509 2160 561 2210 hare
572 2161 662 2219 verba,
673 2173 747 2209 erreru
759 2163 856 2210 naiores
868 2181 883 2210 u
889 2166 953 2226 pri*
994 2182 997 2187 ·

57 2243 144 2274 reuera
156 2228 256 2281 Gracia,
274 2224 440 2273 desiderantur
450 2225 477 2273 in
489 2239 608 2291 quatuor,
626 2240 689 2291 quos
703 2225 802 2282 evolvi,
819 2224 942 2278 veteribus

59 2289 194 2338 codicibus.
211 2292 287 2337 (ἔην.

91 2361 128 2403 18.
146 2352 223 2411 saffirus
237 2355 299 2416 lupsss
312 2354 388 2416 paucis
403 2352 448 2415 post
464 2353 563 2412 diebus]
588 2352 650 2414 caffii
664 2351 733 2412 claffis
748 2365 773 2401 ο.
786 2351 804 2400 Ι.
818 2367 842 2401 v.
860 2351 938 2419 quim

56 2418 169 2481 preclare
180 2414 261 2463 dicere
282 2429 333 2462 non
345 2412 448 2479 possum.
466 2414 496 2463 de
508 2414 583 2464 Cassri
595 2413 667 2464 classe
679 2414 710 2463 ad
723 2415 800 2464 Attis.
817 2424 875 2464 Nam
887 2420 941 2479 cnf-

52 2483 84 2540 fir'
93 2480 189 2540 ruffam,
205 2495 250 2542 que
259 2482 323 2543 plane
333 2483 388 2527 bellu
399 2481 440 2539 ess,
458 2497 500 2527 nen
511 2498 598 2528 numero
610 2478 671 2527 ult'ra
680 2482 772 2538 fretum.
791 2482 858 2528 Nam
869 2482 939 2544 quod

56 2545 64 2590 i
85 2543 105 2590 se
117 2557 217 2607 quoque
228 2547 313 2591 Brutus
324 2541 350 2589 in
363 2545 482 2590 Graeciam
495 2558 550 2591 curu
562 2541 634 2592 classe
646 2541 827 2599 transmiserat,
844 2542 940 2592 idcirco

56 2558 191 2666 AEbjunxit,
209 2607 271 2666 caffii
280 2605 347 2666 claffis
354 2610 429 2669 paucis
436 2608 482 2670 poss
492 2608 565 2654 diebus
577 2608 733 2672 insequebatur.
750 2604 819 2655 Libri
829 2605 939 2671 impreffi

56 2683 151 2718 meram
162 2666 298 2718 barbariem
311 2669 433 2718 redolent.
451 2674 576 2719 Ferrarius.

89 2748 124 2787 19.
143 2740 175 2779 vr
186 2751 219 2779 me
225 2737 313 2797 puderet
324 2736 347 2779 e'n
358 2750 406 2779 eam
416 2733 490 2781 urbem
501 2736 587 2789 redire,
602 2750 628 2780 eu
639 2748 684 2797 qua
695 2734 734 2779 illi
744 2734 854 2792 abirent]
870 2732 937 2785 Phil.

57 2810 79 2844 1.
97 2801 167 2860 Turpe
178 2799 235 2842 mibi
246 2799 286 2862 r‘pfi
295 2797 426 2853 vr'debarur,
444 2799 468 2845 in
479 2814 526 2845 eam
538 2801 611 2846 urbem
621 2813 654 2843 me
664 2798 742 2843 audere
752 2800 879 2852 reverri,eu
890 2813 936 2863 qua
1017 2816 1025 2825 ·

54 2866 136 2906 Brutus
148 2862 266 2907 excederet:
283 2863 309 2913 ds
320 2862 354 2906 ibi
364 2863 420 2908 velle
430 2872 477 2907 turo
488 2861 539 2921 effe,
556 2862 595 2908 usi
607 2862 646 2907 ille
655 2877 697 2906 non
709 2861 782 2922 poffet.
816 2863 847 2908 Et
857 2861 883 2907 in
895 2875 938 2926 ep.

55 2921 86 2971 ad
98 2927 135 2971 M.
149 2927 262 2971 Brutum:
281 2926 386 2972 Dolebaru
398 2927 422 2972 r'rr
432 2941 479 2970 eum
489 2926 563 2972 urbem
573 2941 607 2971 me
618 2926 662 2980 ire,
679 2940 746 2988 quam
757 2935 782 2972 tu
789 2923 940 2990 fugeramus
1036 2980 1038 2989 Ι

55 3005 102 3034 ram
113 2989 228 3047 lileruffes.
246 2990 272 3035 Ρ.
284 2990 382 3037 Manus.
673 3042 676 3046 Δ

87 3067 126 3098 20.
144 3057 223 3112 ,Agger
232 3054 369 3113 oppugnanda
379 3052 448 3099 Italia
459 3051 565 3110 Gracia]
581 3049 707 3099 Nonnulli
718 3048 765 3099 v.l.
784 3053 934 3113 expugnanda.

55 3110 96 3159 sed
107 3111 164 3161 mei
176 3112 278 3176 quidem
288 3111 408 3161 sententis
420 3113 559 3164 mendose:
582 3113 620 3161 his
637 3115 705 3168 enim
722 3112 802 3161 verbis
818 3127 847 3161 ac
863 3114 935 3178 supe·

54 3176 159 3224 rioribus
170 3175 234 3224 mihi
244 3175 339 3224 videtur
350 3177 487 3241 exprimere
501 3175 605 3227 voluisse
615 3176 660 3226 illa
671 3177 859 3240 Xenophontis,
876 3192 932 3242 qua

55 3235 110 3286 sunt
126 3241 152 3286 iu
164 3241 207 3289 lib.
220 3256 244 3289 v.
263 3239 380 3291 Παιδείας·
397 3241 474 3292 Obrue
489 3242 583 3303 optigere
602 3238 693 3291 iuuetis
706 3240 747 3302 uili
758 3236 933 3298 ogisaafflsiu

54 3302 216 3361 aronipumeit
230 3307 260 3367 ατ
276 3303 406 3365 ll’wvgr'ora
419 3303 638 3370 ’ἢπιτειχισμψοι
658 3302 935 3364 oreu'CoborGIaeCidixe·

53 3367 206 3413 runtloeum
224 3369 249 3416 δι
261 3367 401 3416 munitione
422 3369 448 3417 bt
466 3367 552 3417 naturl
566 3369 704 3423 munitum,
721 3381 772 3429 quo
788 3367 934 3416 incursanti·

53 3428 98 3475 bus
110 3429 135 3474 in
147 3427 209 3477 sines
220 3429 327 3479 hostibus
338 3431 362 3479 se
373 3431 479 3496 recipere
495 3444 570 3497 atque
588 3431 646 3480 inde
659 3443 814 3497 propugnare
823 3427 933 3501 ppssent:

52 3504 85 3542 ere
97 3505 148 3558 quo
160 3493 297 3561 autemipsi
314 3506 542 3567 procurrereut‚·us
562 3495 645 3548 hostes
667 3495 839 3561 oppugnaturis
855 3507 933 3567 utque

907 3569 943 3607 sm
