2324 3930
152 174 156 179 .
226 124 308 196 33¹0,
541 104 787 174 Oaarro

225 224 254 265 ³³
268 196 335 291 quia
347 208 447 271 nullius
459 208 648 287 pulchriorem
667 211 788 287 speeiem
808 209 983 285 imperatoris
1001 208 1115 291 accepia·

222 306 312 358 mus,
333 305 399 347 cum
419 288 505 346 trihus
523 289 643 346 Antonii
661 288 817 364 legionibus
835 290 1018 367 equitatuque
1038 307 1111 350 con·⁴

218 365 307 434 flixit,
325 364 473 442 hostesque
485 364 623 434 nefarios,
642 363 708 424 huic
719 365 786 439 Jovi
807 365 933 427 maximo
954 367 1110 444 ceterisque

220 441 341 502 deorum
353 440 557 502 immortalium
572 440 698 516 templis,
716 441 790 500 urbis
808 440 906 512 tetris,
923 442 1043 502 libertati
1056 461 1111 520 po·

220 519 280 595 puli
299 518 447 587 Romani,
490 516 591 578 nostrae
616 521 684 576 vitae
713 518 893 595 sanguinique
912 519 1107 590 imminentes,

220 594 381 673 prostravit,
400 593 488 663 sudit,
508 591 669 669 oceidimut
683 613 748 653 cum
761 594 917 654 admodum
931 597 1110 671 paucis,no·

110 668 117 686 ‘
221 669 266 730 eie
279 671 384 739 teitus,
404 683 482 730 metu
494 672 675 747 perterritus,
693 673 820 747 princeps
839 672 980 730 latronum
994 670 1107 750 duxque

218 749 329 824 sugerit.
366 747 396 808 Ο
415 747 503 807 solem
522 746 610 824 ipsum
629 748 831 815 beatissimum,
849 748 899 825 qui
912 745 1065 824 antequem
1079 749 1106 807 se

221 823 349 894 abderet,
368 822 453 883 stratis
464 822 644 883 cadaueribus
656 823 868 902 parricidarum,
877 840 943 884 cum
956 824 1053 900 paucis
1064 825 1108 885 su·

219 902 347 978 gientem
359 900 430 960 vidit
442 900 617 961 Antonium!

177 981 214 1043 28
259 979 307 1039 An
319 977 389 1035 uero
402 977 548 1053 quisquam
561 976 695 1036 dubitabit
707 975 844 1052 appellare
857 975 996 1036 Caesarem
1015 977 1108 1055 impe·

221 1050 365 1114 ratorem?
385 1065 452 1111 aetas
464 1052 522 1128 ejus
536 1052 611 1112 certe
624 1053 659 1112 ab
669 1052 722 1112 hac
740 1051 873 1113 sententia
890 1056 1038 1128 neminem
1059 1054 1107 1114 de·

222 1130 351 1199 terrebit,
369 1126 602 1207 quandoquidem
622 1131 724 1189 virtute
742 1129 878 1205 superavit
898 1141 1022 1190 aetatem.
1060 1133 1105 1190 Ac

63 1222 78 1263 r
94 1211 126 1264 e.
135 1207 190 1286 deest
223 1206 294 1274 mibi
305 1206 414 1283 semper
434 1221 470 1264 eo
492 1206 600 1282 majora
612 1203 746 1264 beneficia
758 1221 774 1251 v
787 1204 820 1264 Q
833 1204 947 1265 Caesaris
960 1206 1017 1266 visa
1026 1207 1105 1279 sunt,

62 1275 87 1323 ¹⁴⁹¹·
99 1276 163 1324 ⁶²5⁰·
223 1282 283 1360 quo
296 1283 388 1343 minus
400 1293 479 1340 erant
487 1280 523 1340 ab
535 1291 619 1341 aetate
629 1280 674 1340 illa
685 1280 856 1358 postulanda.
872 1283 918 1340 cui
937 1281 1003 1342 cbm
1015 1284 1107 1361 impe·

62 1336 295 1459 ᾗξὲξῖἳωῐὶιιιῃ
311 1374 327 1406 ¹
340 1358 490 1426 dabamus,
508 1357 613 1418 eodem
632 1368 762 1433 tempore
782 1360 868 1418 etiam
886 1358 962 1434 spem
983 1362 1107 1420 nominis

63 1467 118 1514 MS,
131 1461 196 1510 „pp
224 1438 283 1514 ejus
294 1434 502 1502 deserebamus;
521 1434 617 1511 quod,
637 1449 652 1491 r
664 1433 728 1492 clun
742 1433 780 1491 est
791 1434 899 1494 secutus
911 1433 1107 1498 austeritatem

118 1531 143 1575 r.
156 1529 190 1575 n„
225 1513 310 1574 nostri
328 1512 447 1581 decreti,
469 1513 548 1571 rebus
567 1510 645 1587 gestis
663 1509 714 1567 suis
725 1526 790 1569 com
812 1510 928 1569 robavit.
965 1511 1024 1572 Hic
1039 1531 1106 1591 ergo

64 1588 211 1657 yconsecu·
225 1588 383 1648 adolescens
403 1589 520 1647 maximi
539 1589 649 1656 animi,
669 1586 776 1644 utuer'
810 1583 856 1645 md
872 1585 960 1646 scribit
980 1588 1105 1660 Hirtius,

64 1651 180 1728 mima·
226 1665 309 1724 castra
323 1666 472 1725 multarum
485 1664 629 1740 legionum
642 1662 736 1738 paucis
750 1663 911 1721 cohortibus
929 1675 1034 1724 tutatus
1052 1667 1107 1738 est,

65 1719 129 1824 “¹³3
223 1741 433 1819 secundumque
444 1741 655 1816 proeliumsecit.
675 1739 803 1796 ltatrium
812 1740 1015 1815 imperatorum
1029 1758 1042 1790 ¹
1055 1762 1108 1820 po·

65 1791 210 1903 ww
224 1818 282 1896 puli
295 1819 419 1878 Romani
437 1819 554 1885 virtute,
575 1813 708 1883 consilio,
728 1814 875 1888 felicitate,
893 1832 954 1875 uno
971 1817 1020 1882 die
1038 1819 1107 1881 locis

66 1909 165 1957 suarm.
225 1895 346 1972 pluribus
356 1888 505 1967 respublica
516 1889 553 1949 est
565 1893 735 1951 conservata.

179 1985 219 2046 29
264 1970 314 2030 XI.
333 1971 524 2047 Deciano
550 1967 632 2042 igitur
652 1983 752 2025 eorum
771 1968 856 2026 trium
882 1971 1001 2031 nomine
1044 1972 1108 2033 uin·

227 2048 357 2130 quaginta
377 2044 486 2115 dierum
503 2042 712 2120 supplicationes
718 2063 728 2110 ;
750 2053 781 2096 ³⁴
795 2060 864 2121 quas
876 2047 1020 2108 uthono'
1042 2066 1110 2109 cen·

1040 2127 1108 2188 tissi·

260 2284 300 2327 n.
341 2271 382 2319 uia
392 2268 477 2319 nullius
485 2269 614 2332 politiorem
621 2267 679 2326 de]
694 2267 731 2318 sic
742 2262 823 2318 Maur.
836 2264 861 2316 δι
870 2264 932 2316 lali.
943 2280 1032 2316 omnes
1043 2267 1108 2321 item

225 2334 293 2388 tetri>
308 2347 338 2382 eu
347 2348 364 2383 r.
382 2331 505 2383 Ferrarius
520 2331 603 2381 a'ubbor
620 2328 667 2380 fuir
684 2347 725 2380 cur
736 2330 886 2381 recentiores
897 2328 954 2399 edd.
966 2332 1104 2396 receperint

224 2394 412 2454 eoniesaneum
427 2394 521 2458 ipsius,
537 2411 590 2459 qua.
606 2395 689 2443 minus
701 2393 774 2445 redii.
792 2393 849 2443 ideo
864 2393 967 2448 intulit,
986 2397 1105 2459 Aquilam

224 2465 236 2508 i
244 2460 269 2521 so
281 2461 383 2517 Hirtisfs,
401 2459 458 2522 quod
467 2475 489 2504 eo
501 2459 544 2518 ipso
554 2464 608 2518 Imp.
616 2457 829 2522 fiatspeciostffimus.
847 2454 1010 2506 Vetustiffima
1023 2456 1105 2506 editio

224 2474 272 2573 siat
283 2534 329 2585 pro
339 2519 419 2569 nohis.
436 2516 563 2585 sequentes
580 2516 685 2576 habent,
701 2522 770 2586 quim
786 2524 856 2570 ullius
869 2523 999 2584 pulcriores»
1011 2520 1105 2583 speciem

223 2588 362 2650 imperatoris
372 2586 507 2647 accepimus?
524 2579 581 2631 satis
591 2583 705 2637 rotunde.
722 2588 811 2633 timer.
845 2584 961 2639 Trieatur-
972 2586 1102 2635 Gruterus.

223 2653 280 2716 quia
291 2647 333 2697 hic
344 2663 396 2696 non
425 2647 486 2695 otest
495 2645 615 2702 retineri,
626 2647 718 2695 nullius
729 2646 797 2695 enim
808 2644 842 2694 rei
854 2646 1011 2710 precedentis
1022 2646 1108 2696 reddi·

224 2725 265 2764 tur
281 2713 360 2770 ratio,
376 2662 422 2760 serf
436 2709 541 2760 ostendit
557 2721 656 2758 tantum
672 2710 721 2759 hoc
736 2706 845 2765 fustium,
861 2709 930 2774 quod
946 2711 1105 2777 imperatoris

225 2775 332 2840 speeiem
348 2773 454 2822 reddidit
469 2786 522 2822 tam
538 2771 675 2835 pulchram.
708 2772 801 2823 Merito
813 2772 896 2835 itaque
905 2785 1048 2838 receperunt
1059 2790 1106 2836 qua

226 2839 315 2889 Paitn.
328 2842 419 2893 Muret.
438 2840 536 2885 Manut.
548 2839 634 2884 Lamb.
652 2841 681 2886 ln
691 2839 778 2884 Fraue.
790 2835 928 2885 Amslerod.
940 2837 967 2893 δι
979 2849 1038 2887 meo
1050 2836 1108 2893 MS.

225 2903 276 2953 est:
291 2919 317 2967 q,
326 2905 410 2949 nussim
418 2903 561 2965 pulchriorem
572 2901 592 2957 s
599 2902 664 2946 ect'em
680 2902 817 2964 imperatoris
831 2901 958 2962 accepimus.
974 2898 1026 2948 haec
1043 2913 1106 2952 nota

225 2963 386 3032 52inrerdum
397 2964 474 3026 quein
485 2962 532 3011 illo
549 2975 580 3010 eo
600 2961 636 3010 'ee
653 2975 746 3020 notat,
762 2959 887 3012 interdum
901 2977 966 3030 qua,
986 2977 1107 3014 nomun-

225 3042 303 3097 quam
313 3030 377 3092 quod.
396 3026 512 3075 Gravius.
1115 3050 1119 3059 ‹

258 3109 297 3150 34,
313 3095 378 3155 Qu
388 3104 413 3137 ut
423 3086 637 3151 honorificentrffinu‘s
647 3089 1047 3155 verbircmsequr'potm,cmplellar
1058 3089 1107 3156 ipsi

219 3154 354 3216 sturmis]
385 3157 442 3203 Hae
459 3151 508 3201 duo
523 3149 616 3207 verba,
633 3150 680 3215 ipsi
693 3152 822 3211 sementis,
843 3150 967 3202 abundare
983 3153 1111 3208 uidentur.

112 3260 117 3269 ,
222 3223 302 3269 Fater.
321 3213 961 3279 Meuscodex,coafitetbemrifieenriffimsrvmbirconse
997 3219 1109 3281 'potum

35 3281 52 3309 s
225 3279 400 3343 complellarr'pffi
408 3277 523 3343 sententis.
539 3274 605 3343 Quid
615 3274 645 3326 fit
654 3279 815 3342 supplicationes
820 3231 1111 3346 smmidipsssmplesls,

225 3342 253 3393 id
264 3341 366 3408 quidem
375 3357 415 3391 me
426 3345 540 3408 ignorare
551 3341 640 3392 fateor.
668 3340 715 3391 Sed
725 3343 806 3405 canffirs
811 3344 992 3408 supplicationem
998 3344 1110 3406 sentenia

226 3407 349 3480 mmpsfssi,
366 3405 426 3471 quid
443 3417 514 3456 notet
531 3416 621 3455 norunt
638 3418 742 3464 omnes,
757 3404 801 3470 qui
811 3405 902 3457 Latine
912 3403 998 3457 sciunt.
1031 3411 1064 3456 Et
1075 3406 1111 3458 sic

230 3482 338 3524 omnmo
348 3481 405 3523 tum
414 3472 516 3525 Murem
526 3466 675 3538 legendum,
686 3470 730 3539 qui
738 3469 826 3549 procul
835 3465 912 3543 dubio
920 3465 949 3543 ld
957 3468 986 3527 iu
997 3470 1112 3588 mg&
