2324 3930
261 97 344 176 3256
583 94 833 162 Otanrro

264 194 376 263 secuta,
394 211 454 254 non
474 192 645 252 arbitrabitur
667 192 695 251 se
713 195 830 270 graviori
850 194 920 253 odio
940 198 969 255 in
988 198 1148 258 Antonium

267 270 323 329 elle
342 273 443 331 debere
461 274 548 348 quam
568 270 703 329 senatum.
722 270 809 329 Pudet
828 271 909 347 hujus
927 274 1069 348 legionis,
1098 294 1149 351 pu·

267 346 317 406 det
329 362 451 426 quartae,
470 365 535 425 quae
548 364 606 421 parr
619 348 720 405 virtute
740 348 858 406 nostram
876 348 1072 409 aur‘loritatern
1086 370 1151 427 pro·

268 422 352 495 bans,
372 444 431 483 non
451 437 483 482 ut
501 422 642 481 consulem
664 423 693 480 &
714 425 910 500 imperatorem
922 430 1001 482 luutn
1018 470 1027 495 ‚
1047 430 1095 487 seo
1118 440 1150 485 ut

268 497 378 560 hostem
395 504 425 559 bt
436 509 661 576 oppugnatorem
676 502 773 573 patriae
786 500 894 577 reliqvit
905 502 1082 562 Antonium:
1100 522 1152 579 pu-

269 576 318 635 det
331 578 433 654 optimi
445 578 595 643 exercitus,
614 576 663 649 qui
676 576 843 650 conjunctus
857 576 893 635 est
905 594 938 635 er
955 576 1079 637 duobus:
1103 580 1153 656 qui

102 720 107 736 ,
265 652 326 729 jam
341 655 481 722 lustratus,
501 652 550 727 qui
563 650 704 727 protectus
721 651 756 709 ad
777 653 918 711 Mutinam
931 652 982 711 ests
1001 656 1083 730 quisr
1102 674 1153 730 pa-

105 736 125 789 ir
140 730 323 801 tenuastis,
342 730 422 789 idest
440 728 550 787 timoris
561 727 661 795 nostri,
675 743 784 785 nomen
796 729 946 799 audiverit,
964 741 1064 788 utnon
1076 734 1154 789 refe·

104 806 214 880 cremo
268 818 310 864 rat
329 806 456 883 pedem,
476 803 575 862 insistet
595 818 678 861 certe.
703 807 718 849 k
736 804 797 879 quis
817 807 918 875 enim,
944 820 1094 867 revocante
1115 810 1149 867 dc

107 870 150 920 *θ’
162 866 230 935 ‘1¹¹¹‘L
266 884 391 957 receptui
405 892 523 939 canente
535 879 646 949 senatu,
665 894 794 954 properet
807 880 962 940 dimicare?

237 948 257 1007 9
307 958 358 1015 lV.
378 959 482 1033 Quru
504 973 549 1012 tu
561 973 635 1015 rura
654 955 711 1013 hoc
725 955 846 1030 injustius
858 957 943 1033 quarn
959 959 1154 1029 tros,iuscien·

265 1032 339 1091 tibus
350 1034 398 1101 iis,
417 1034 466 1111 qui
478 1031 582 1091 bellum
595 1031 755 1109 gerunt,de
769 1050 837 1108 pace
849 1034 1021 1093 decernere?
1040 1055 1095 1095 nec
1108 1037 1153 1095 so·

265 1107 324 1168 lirm
340 1109 530 1179 inscientibus,
549 1108 695 1169 sedetiam
707 1109 817 1168 invitis?
836 1111 884 1169 An
898 1128 949 1169 vos
961 1114 998 1170 A.
1013 1113 1152 1184 Hirtium,

265 1186 501 1261 praeclariffimum
516 1186 676 1257 consulem,
696 1186 730 1245 Q
745 1187 899 1255 Caesarem,
913 1186 1030 1246 deorum
1045 1189 1152 1248 benefi-

265 1265 425 1324 ciuitatum
439 1264 475 1323 ad
487 1264 550 1321 haec
564 1275 711 1339 tempora,
731 1280 851 1339 quorum
865 1264 1091 1341 epistolas,spem
1108 1268 1151 1325 vi·

267 1339 365 1399 doriae
378 1341 563 1407 declarantes,
582 1340 611 1395 in
627 1358 714 1398 manu
727 1352 827 1407 teneo,
868 1358 947 1397 acern
968 1340 1040 1403 velle
1054 1344 1151 1401 cense-

266 1416 322 1475 tis?
341 1414 506 1489 vincereilli
526 1426 675 1488 expetunt:
695 1418 827 1490 pacisque
840 1357 1023 1475 dulcissimum
1045 1420 1075 1476 br
1090 1421 1151 1496 pul-

102 1494 113 1542 l
130 1494 247 1558 concept·
267 1492 438 1549 cherrimum
453 1507 564 1549 nornen
580 1506 641 1549 non
658 1490 805 1567 pactione,
823 1490 870 1551 secl
889 1492 1005 1552 vidoni
1019 1498 1025 1539 ¹
1041 1512 1151 1555 concu-

102 1566 192 1667 Εἴ*
265 1566 386 1641 pierunt.
422 1566 521 1641 Quid?
540 1566 661 1625 Galliam
682 1584 741 1643 quo
761 1567 875 1626 tandem
889 1568 986 1629 animo
1000 1570 1074 1629 hanc
1087 1591 1150 1642 rem

172 1649 181 1664 ·
268 1642 425 1703 audituram
439 1641 559 1721 putatis?
578 1643 623 1702 illa
636 1644 713 1701 eninr
726 1642 807 1718 hujus
819 1644 882 1702 belli
894 1646 1086 1720 propulsandi,
1100 1650 1152 1709 ad·

266 1718 606 1791 ministrandi,sullinendi
618 1720 803 1795 principatum
814 1730 900 1779 terret.
917 1722 1005 1780 Gallia
1020 1722 1058 1783 D.
1070 1724 1151 1785 Bruti

264 1808 367 1857 nutum
380 1798 485 1874 ipsum,
504 1814 541 1854 ne
561 1796 653 1854 dicam
674 1796 843 1872 imperium,
862 1794 968 1867 secuta,
988 1804 1088 1869 armis,
1108 1806 1152 1861 vi·

174 1915 180 1925 .
265 1874 316 1944 ris,
335 1873 472 1950 pecunia,
490 1872 554 1931 belli
567 1873 700 1957 principia
719 1871 857 1933 firmavit:
878 1874 976 1933 eadem
992 1878 1151 1937 crudelitati

100 1926 237 2029 30ξὲωὲ
264 1950 308 2009 Μ.
320 1952 439 2012 Antonii
452 1951 532 2009 suurn
545 1961 639 2009 toturn
654 1967 754 2025 corpus
766 1951 885 2028 objecit:
905 1952 1077 2022 exhauritur,
1098 1972 1152 2013 va-

100 2055 153 2105 quo
164 2043 212 2092 aar.
262 2028 360 2098 statur,
381 2045 401 2075 m
415 2030 509 2087 uritur.
528 2040 628 2085 omnes
641 2044 725 2101 aequo
738 2026 834 2086 auimo
848 2026 911 2085 belli
929 2029 1031 2115 patitur
1043 2046 1059 2076 n
1072 2032 1149 2105 iujo.-

98 2118 156 2155 un.
261 2106 331 2173 rias,
350 2102 512 2164 dummodo
523 2102 636 2179 repellar
649 2102 802 2179 periculum
816 2104 960 2165 servitutis.

135 2243 168 2257 ,Ι
200 2186 253 2255 ,10
300 2181 353 2251 Et,
373 2192 404 2238 ur
415 2179 546 2238 omittam
560 2180 678 2261 reliquas
710 2179 1146 2258 artesGalliae(namsuntomnes

99 2256 118 2295 ¹¹
134 2258 251 2303 ΨΜ
260 2261 358 2333 pares)
375 2254 501 2315 Patavini
520 2254 589 2313 astos
602 2255 664 2313 excl
695 2266 793 2323 erunt,
812 2254 881 2316 alios
899 2256 1057 2333 ejecerunt,
1078 2261 1146 2315 mis-

97 2308 146 2361 ω·
157 2321 213 2358 m·
260 2335 304 2393 sos
317 2334 351 2391 ab
364 2331 510 2391 Antonio:
529 2328 666 2405 pecunid,
685 2330 834 2399 militibus,
853 2333 900 2399 δι,
917 2332 997 2407 quod
1017 2333 1144 2390 maxime

260 2407 371 2477 deerat,
389 2406 488 2473 armis,
507 2404 615 2463 nostros
626 2405 712 2465 duces
730 2404 904 2479 adjuverunt.
921 2413 1048 2464 lecerunt
1061 2406 1140 2463 idem

114 2540 117 2547 .
149 2480 217 2536 Μ·
257 2483 373 2561 reliqui,
391 2483 440 2561 qui
452 2480 599 2558 quondam
611 2481 642 2539 in
655 2480 755 2540 eadem
769 2480 848 2539 caula
867 2492 960 2550 erant,
979 2482 1009 2538 δι
1026 2493 1145 2556 propter

259 2560 413 2621 multorum
426 2572 564 2617 annorum
576 2557 689 2635 injurias
701 2556 812 2616 alienati
825 2553 842 2615 t
854 2554 948 2615 senatu
985 2558 1143 2624 utabantur.

257 2654 331 2714 quos
345 2633 464 2697 minime
476 2634 579 2693 mirum
593 2634 647 2705 est,
665 2630 875 2694 communicati
885 2648 952 2691 turn
965 2574 1008 2693 bis
1020 2635 1142 2711 republi-

257 2713 291 2775 ca
304 2713 398 2775 fideles
409 2710 480 2781 elle,
498 2710 548 2790 qui
560 2711 647 2779 etiarn
660 2720 786 2789 expertes
796 2710 856 2787 ejus
871 2706 959 2769 fidem
970 2711 1048 2771 svam
1060 2710 1138 2771 sem·

258 2807 306 2868 per
321 2790 512 2869 praestiterunt.

95 2880 240 2952 ,epm
294 2868 334 2927 V.
352 2868 424 2926 His
445 2882 591 2925 rorrurr
618 2862 750 2924 omnibus
769 2860 916 2922 victoum
937 2878 954 2910 ο
972 2861 1155 2943 sperantibus·

94 2944 161 3000 tibur
169 2951 223 3000 alii.
256 2946 331 3023 pacis
343 2959 452 3003 nomen
465 2940 630 3010 afferemus,
648 2941 678 3001 id
691 2940 743 3014 est,
763 2938 985 3017 desperationem
998 2940 1140 3007 vidtoriaed

211 3051 243 3097 ar
257 3020 354 3101 Quid,
371 3020 440 3095 fine.
453 3015 542 3095 P⁰t0st
555 3017 672 3099 quidem
683 3016 740 3086 vlla
758 3012 814 3082 effe
832 3011 907 3093 pax?
923 3032 991 3095 qum
1009 3016 1140 3157 euiupopllb

250 3253 387 3367 Jadprrrva'orr'
395 3254 443 3301 adt·
455 3251 615 3299 indormierit
623 3250 663 3314 effe
677 3248 750 3299 debere
759 3244 829 3315 quir·
839 3250 952 3297 amm.
968 3247 1034 3323 llut-
1046 3246 1138 3318 Iramb.

254 3331 271 3370 ι
311 3334 353 3364 non
363 3316 511 3363 arbitrabitur
515 3314 561 3373 fiat
565 3316 673 3377 grauiore·
683 3316 732 3361 aas·
741 3315 814 3361 debere
827 3312 866 3371 affl
882 3317 1012 3357 ,Aurum
1026 3312 1142 3375 quamse-

253 3382 324 3429 νηί.
343 3379 432 3429 Fadia.
444 3377 483 3428 ed.
500 3396 542 3426 nan
552 3378 729 3440 arbitrabiturse
738 3378 843 3443 gratim
853 3376 903 3425 edio
914 3375 987 3425 actm
995 3373 1035 3439 mle
1044 3375 1070 3421 r'rr
1080 3380 1140 3423 Aa·

251 3443 533 3515 emimqadnsrmm,
551 3443 633 3511 Gran,
723 3521 727 3529 Ι
797 3459 803 3482 ,·

1034 3514 1059 3559 9.
1075 3502 1132 3557 Tm
